2242 3992
151 345 189 400 72
523 359 670 400 racrrus.

148 497 252 555 riarum
263 496 419 554 cohortium
439 497 605 574 praefectus,
616 497 662 554 hic
675 515 821 554 annonae:
840 515 907 553 mox
921 503 1047 562 senatus,
1114 478 1115 535 3

148 603 284 678 mdesque
297 610 326 659 et
339 602 466 680 populus.
503 601 579 660 Nam
593 602 723 660 Tiberius
737 611 838 660 cuncta
849 621 902 679 per
916 601 1047 660 consules

148 707 306 784 incipiebat,
319 716 462 784 tamquam
475 717 570 765 vetere
583 727 615 765 re
627 707 740 785 publica
752 717 781 765 et
793 708 942 784 ambiguus
955 708 1046 784 impe-

150 811 239 870 randi.
280 812 325 868 Ne
347 812 468 870 edictum
495 812 617 888 quidem,
638 832 694 889 quo
708 822 802 889 patres
820 813 849 869 in
871 813 979 870 curiam
997 833 1046 870 vo·

150 917 238 986 cabat,
265 917 321 974 nisi
348 917 512 974 tribuniciae
535 918 681 994 potestatis
708 918 926 995 praescriptione
950 918 1046 995 posuit

151 1016 203 1072 sub
214 1016 345 1090 Augusto
359 1014 508 1092 adceptae:
525 1014 613 1072 verba
626 1015 710 1072 edicti
722 1015 803 1072 fuere
813 1034 903 1092 pauca
916 1024 946 1072 et
960 1035 1047 1075 sensu

148 1120 340 1199 permodesto:
361 1122 395 1179 de
407 1121 553 1179 tenuibus
568 1123 699 1197 pareatis
718 1121 909 1179 mutaturum
919 1141 933 1185 ;
955 1141 1045 1197 aeque

1113 694 1115 829 l

149 1228 319 1286 abscederes
333 1246 466 1302 corpore,·
488 1228 571 1302 idque
592 1246 684 1283 uuum
701 1247 733 1283 ex
745 1225 866 1301 publicis
880 1227 1045 1284 muneribus
1114 1208 1115 1281 ξ

149 1351 295 1407 usurpare.
352 1329 408 1390 Sed
434 1330 568 1388 defimcto
596 1331 728 1406 Augusto
756 1331 867 1406 signum
894 1330 1043 1407 praetoriis

150 1436 310 1494 cohortibus
322 1445 355 1494 ut
368 1437 519 1513 imperator
533 1435 668 1502 dederat;
688 1435 829 1503 excubiae,
848 1453 935 1501 arma,
950 1442 1045 1493 cetera
1114 1420 1115 1459 3

115 1537 118 1544 ’
149 1541 245 1609 aulae3
274 1541 354 1598 miles
379 1542 410 1597 in
437 1540 641 1609 forum‚miles
662 1540 819 1597 incuriam
840 1539 1043 1597 comitabatur:
1114 1578 1115 1585 κ

149 1644 244 1703 literas
268 1645 304 1703 ad
325 1646 463 1705 exercitus
486 1654 629 1722 tamquam
653 1644 754 1722 adepto
777 1645 935 1722 principatu
956 1643 1042 1710 misit,

148 1768 288 1826 nusquam
312 1750 530 1819 cunctabundus,
544 1751 599 1808 nisi
618 1770 681 1807 cnm
702 1750 731 1806 in
748 1749 853 1808 Senatu
870 1748 1042 1824 loqueretur.

151 1854 244 1913 Causa
256 1855 405 1931 praecipua
422 1873 456 1910 ex
476 1853 635 1923 formidine,
649 1873 685 1910 ne
700 1854 896 1930 Germanicus,
913 1854 942 1910 in
962 1854 1041 1929 cujus
1080 1846 1083 1855 ¹

148 1981 233 2020 manu
246 1970 289 2020 tot
302 1963 434 2038 legiones,
448 1963 576 2020 inmensa
589 1963 728 2020 sociorum
741 1964 852 2032 auxilia,
865 1963 954 2020 mirus
968 1960 1042 2038 apud
1114 1980 1115 2043 l

148 2068 384 2145 populum'favor‚
398 2068 502 2126 habere
515 2069 663 2144 imperium
672 2088 756 2145 quam
767 2077 928 2145 exspectare
935 2067 1041 2125 mallet,
1114 2046 1115 2085 l

150 2171 246 2229 Dabat
259 2180 288 2229 et
300 2172 400 2241 famae,
414 2181 446 2229 ut
459 2182 575 2231 vocatus
589 2172 749 2250 electusque
763 2175 856 2252 potius
869 2193 886 2230 a
899 2172 1041 2250 republica

149 2275 300 2343 videretur,
309 2297 393 2354 quam
406 2296 456 2354 per
469 2279 599 2336 uxorium
612 2280 747 2337 ambitum
760 2287 789 2336 et
803 2278 884 2337 senili
892 2278 1040 2355 adoptione

149 2378 308 2456 inrepsisse.
370 2381 472 2438 Postea
500 2384 643 2459 cognitum
670 2393 721 2453 est,
749 2384 786 2445 ad
811 2382 1046 2460 introspiciendas.

150 2485 234 2543 etiam
247 2504 393 2562 procerum
406 2487 565 2546 voluntates
579 2488 720 2547 inductam
739 2489 957 2549 dubitationem:
977 2508 1041 2547 nam
1114 2534 1115 2569 3

150 2591 244 2659 verbs,
258 2591 361 2660 vultus,
375 2592 405 2650 in
419 2594 524 2650 crimen
538 2594 717 2672 detorquens,
731 2595 909 2654 recondebat.
948 2643 952 2653 .

191 2695 276 2754 VIII.
327 2695 406 2754 Nihil
427 2698 517 2775 primo
542 2708 654 2756 senatus
679 2699 724 2757 die
743 2701 790 2777 agi
813 2720 912 2776 passus
932 2700 987 2756 nisi
1006 2698 1040 2757 de
1114 2652 1115 2681 l

151 2804 286 2879 supremis
305 2804 429 2880 Augusti
444 2828 452 2873 ;
471 2805 550 2880 cujus
569 2812 777 2873 testamentum,
791 2805 908 2863 inlatum
922 2824 972 2882 per
985 2804 1040 2863 vir·¹

149 2908 229 2984 gines
238 2908 350 2977 Vestae,
366 2910 511 2967 Tiberium
524 2918 553 2968 et
567 2909 679 2967 Liviam
689 2910 806 2968 heredes
819 2909 928 2969 habuit.
961 2909 1041 2969 Livia

148 3013 178 3069 in
198 3013 333 3073 familiam
350 3013 456 3074 Juliam
482 3035 640 3092 nomenque
662 3017 808 3092 Augustae
835 3016 1039 3080 adsumamus,

149 3119 179 3174 in
200 3138 277 3196 spem
294 3122 452 3190 secundam,
466 3131 582 3200 nepotes
595 3132 838 3200 pronepotesque3
853 3123 938 3180 tertio
953 3119 1040 3198 gradu

149 3224 285 3301 primores
304 3226 423 3285 civitatis
444 3219 602 3305 scripserat,
621 3227 770 3305 plerosque
789 3229 894 3286 invisos
916 3228 977 3295 sibi,
993 3224 1040 3283 sed

146 3329 281 3404 jactantia
293 3330 438 3407 gloriaque
451 3332 488 3389 ad
500 3342 650 3409 posteros·
664 3332 773 3409 Legata
781 3354 839 3392 non
848 3334 925 3390 ultra
933 3332 1038 3391 civilem

150 3434 273 3502 modum,
286 3436 341 3492 nisi
354 3436 430 3514 quod
450 3438 551 3514 populo
569 3446 598 3495 et
613 3437 688 3514 plebi
709 3439 936 3515 quadringenties
949 3438 1037 3497 tricies

149 3538 307 3614 quinquies,
320 3541 522 3616 praetoriarum
529 3540 686 3598 cohortium
695 3542 829 3600 militibus
840 3544 950 3620 singula
961 3560 1038 3601 num·
