2242 3992
156 322 196 379 24
527 343 674 385 suerrus.
692 363 695 366 >

155 480 254 537 rentia.
295 480 386 539 Nemo
400 482 453 539 nisi
467 483 579 540 vinculo
593 483 695 559 ligatus
715 483 879 560 ingreditur,
901 493 932 541 ut
946 484 1046 550 minor,

156 595 185 644 et
211 596 378 664 potestatem
404 590 527 646 numinis
548 610 616 667 prae
643 610 674 647 se
699 590 813 648 ferens:
834 591 858 647 si
881 590 956 647 forte
981 608 1046 668 pro·
1108 622 1109 663 1

154 691 248 769 lapsus
267 702 318 761 est,
336 686 432 751 adtolli
454 704 483 751 et
506 695 652 770 insurgere
674 694 752 752 haud
773 692 900 753 licitum:
921 714 972 772 per
993 695 1046 752 hu·
1108 734 1109 737 =

154 816 230 853 mum
244 799 429 856 evolvuntur:
451 819 539 876 eoque
553 801 643 857 omnis
658 794 818 877 superstitio
835 801 957 878 respicit,
975 777 1047 858 tam·

154 923 239 979 quam
265 904 330 962 inde
356 906 437 962 initia
462 907 565 981 gentis,
590 906 628 962 ibi
652 899 799 981 'regnator'
815 902 940 962 omnium
968 905 1046 973 deus,

155 1017 247 1066 cetera
261 1011 386 1087 subjecta
399 1018 483 1087 atque
496 1011 630 1088 parentia
661 1011 770 1087 Adjicit
783 1011 979 1068 auctoritatem
989 1011 1047 1069 for·

153 1122 221 1172 tuna
246 1115 426 1174 Semnonum.
477 1117 600 1175 Centum
619 1117 698 1193 pagis
722 1116 865 1188 habitant:
885 1135 1046 1194 magnoque

153 1240 271 1297 corpore
285 1222 412 1290 efficium,
426 1230 459 1279 ut
472 1241 502 1278 se
517 1222 674 1281 Suevorum
687 1230 770 1300 caput
783 1223 908 1279 credant.
986 1267 990 1273 .

194 1330 259 1388 XL.
315 1331 421 1389 Contra
439 1329 642 1405 Langobardos
665 1332 789 1408 paucitas
811 1331 959 1390 nobilitat:
981 1330 1045 1408 plu·

153 1441 230 1496 rimis
252 1460 285 1497 ac
303 1439 499 1497 valentissimis
517 1438 676 1496 nationibus
699 1440 790 1508 cincti,
810 1458 867 1496 non
890 1460 941 1517 per
965 1430 1045 1498 obse·

152 1544 323 1621 quium‚·sed
336 1544 448 1622 proeliis
462 1552 490 1601 et
508 1544 689 1621 periclitando
711 1546 765 1602 tuti
787 1553 860 1602 sunt.
902 1545 1045 1623 Reudigni

151 1633 252 1706 deinde
272 1658 301 1707 et
323 1650 449 1706 Aviones
473 1657 502 1705 et
526 1648 616 1725 Angli
643 1657 672 1706 et
686 1649 784 1707 Varini
807 1660 836 1708 et
861 1651 989 1709 Eudoses
1018 1662 1045 1709 et

154 1731 312 1813 Sdardones
327 1763 355 1811 et
369 1754 527 1812 Nuithones
542 1754 703 1815 fluminibus
716 1765 766 1813 aut
779 1756 856 1814 silvis
873 1758 1046 1815 muniuntur.

153 1859 221 1945 Nec
234 1861 385 1936 quidquam
406 1859 529 1916 notabile
547 1860 577 1915 in
601 1860 727 1936 singulis
741 1862 796 1919 nisi
818 1862 893 1939 quod
916 1863 945 1918 in
970 1882 1045 1920 com·

152 1985 238 2022 mune
252 1965 404 2032 Herthum,
417 1964 448 2020 id
461 1973 513 2033 est,
529 1965 647 2022 Terram
660 1974 787 2034 matrem,
802 1967 907 2036 colunt,
930 1986 1046 2043 eamque

152 2071 321 2128 intervenire
335 2070 418 2127 rebus
437 2069 591 2138 hominum,
610 2070 705 2126 invehi
723 2071 841 2149 populis,
865 2071 1044 2128 arbitrantur.

153 2175 207 2233 Est
220 2175 250 2231 in
263 2175 354 2231 insula
377 2174 473 2231 oceani
494 2183 601 2231 castum
623 2194 731 2243 nemus,
753 2175 930 2252 dicammque
956 2176 986 2231 in
1011 2195 1043 2232 eo

151 2279 320 2347 vehiculum,
345 2287 423 2336 veste
448 2288 624 2336 contectum:
646 2280 791 2357 adtingere
816 2282 865 2337 uni
894 2280 1042 2340 Sacerdoti

153 2402 326 2441 concessum.
384 2383 414 2440 Is
436 2384 534 2441 adesse
558 2386 694 2461 penetrali
718 2386 799 2444 deam
820 2386 961 2463 intelligit,
982 2406 1046 2444 vec·

151 2501 265 2568 tamque
286 2490 379 2547 bubus
404 2490 516 2548 feminis
539 2492 629 2550 multa
652 2514 716 2550 cum
742 2496 921 2551 veneratione
949 2512 1045 2570 prose·

151 2599 256 2676 quitur.
295 2595 377 2654 Laeti
389 2604 457 2652 ωηο
471 2596 539 2664 dies,
558 2597 631 2655 festa
644 2598 713 2667 loca,
728 2619 909 2677 quaecunque
922 2601 1045 2658 adventu

151 2708 327 2786 hospitioque
341 2705 480 2781 dignatur.
521 2704 588 2761 Non
609 2706 683 2762 bella
703 2707 809 2777 ineunt,
830 2728 888 2766 non
905 2729 984 2766 arma
997 2730 1044 2767 su·

148 2827 249 2885 munt;
268 2817 394 2874 clausum
418 2833 499 2872 omne
520 2814 643 2872 sermm:
664 2835 718 2892 pax
739 2825 768 2873 et
791 2818 870 2894 quies
891 2827 959 2876 tunc
979 2829 1042 2876 tan·

148 2933 209 2981 tum
222 2932 296 2991 nota,
317 2931 385 2980 tunc
398 2930 508 2979 tantum
527 2931 627 2990 amata,
644 2923 738 2983 donec
754 2923 828 2980 idem
852 2925 982 2982 sacerdos
996 2946 1042 2984 sa·
1107 2905 1110 2917 ¹

148 3028 256 3084 tiatam.
272 3025 483 3083 conversatione
506 3025 667 3083 mortalium
693 3026 774 3083 deam
800 3026 905 3102 templo
932 3026 1041 3084 reddat.

148 3131 220 3189 Mox
240 3129 399 3187 vehiculum
418 3137 446 3186 et
468 3138 570 3198 vestes,
592 3139 628 3198 et,
650 3131 674 3186 si
698 3130 812 3188 credere
832 3131 912 3198 velis,
934 3151 1040 3188 numen

147 3237 240 3313 ipsum
264 3244 371 3292 secreto
392 3235 455 3292 lacu
479 3235 610 3293 abluitur.
659 3235 740 3294 Servi
762 3237 939 3305 ministrant;
968 3257 1042 3313 quos

147 3342 241 3400 statim
254 3341 328 3398 idem
345 3340 422 3398 lacus
441 3340 542 3398 haurit.
584 3343 714 3399 Arcanus
730 3340 796 3398 hinc
816 3351 907 3399 terror
919 3367 921 3370 ’
931 3352 1042 3400 sancta·

146 3467 201 3523 que
212 3446 377 3521 ignorantia,
387 3445 455 3521 quid
469 3446 505 3502 sit
519 3445 589 3502 illud
602 3446 676 3522 quod
686 3454 795 3504 tantum
804 3447 921 3523 perituri
933 3446 1043 3505 vident.

186 3551 266 3609 XLI.
307 3550 346 3608 Et
363 3550 432 3608 haee
451 3550 563 3627 quidem
581 3571 645 3628 pars
666 3551 824 3610 Suevorum
841 3553 870 3609 in
890 3553 1043 3611 secretiora
