2242 3992
103 376 160 433 114
471 389 619 433 rscrrus.

98 530 273 606 feminasque
296 527 429 586 inlustres
452 529 615 606 procacibus
643 528 753 607 scriptis
781 526 1000 586 diffamaverat:

98 655 163 692 mox
178 635 318 703 Tiberius,
339 631 513 692 consultante
530 633 666 711 Pompeio
682 632 784 691 Macro
797 635 934 711 praetore,
954 652 1000 689 an

90 741 207 818 jndicio
230 740 383 817 majestatis
405 737 623 797 redderentur?
654 740 817 797 eminadas
839 738 908 815 leyen
930 756 998 806 nse,

102 844 253 922 respondit.
295 844 383 901 Hunc
405 862 517 921 quoque
538 863 704 921 asperavere
729 844 860 912 carmina,
884 843 1001 900 incertis

99 951 258 1008 auctoribus
281 948 404 1026 vulgata,
428 950 458 1006 in
482 948 626 1007 saevitiam
650 950 864 1027 superbiamque
884 949 945 1025 ejus
965 957 997 1005 et

100 1056 256 1115 discordem
270 1075 334 1115 cum
346 1065 435 1115 matre
448 1058 582 1115 animum.

142 1166 284 1224 LXXIII.
325 1166 413 1225 Haud
425 1165 531 1243 pigebit
543 1165 650 1223 referre
662 1166 692 1223 in
707 1164 822 1223 Falanio
836 1174 864 1223 et
878 1165 999 1235 Rubrio,

101 1272 217 1329 modicis
241 1263 380 1349 equitibus
405 1271 550 1339 Romanis,
572 1278 775 1348 praetemptata
798 1271 933 1328 crimina:
963 1281 999 1328 ut

102 1378 203 1454 quibus
221 1375 317 1445 initiis,
333 1384 437 1453 quanta
451 1375 558 1433 Tiberii
578 1383 647 1443 arte,
668 1375 864 1451 gravissimum
882 1375 999 1433 exitium

101 1481 257 1558 inrepserit,
275 1481 339 1538 dein
359 1499 517 1558 repressum
538 1481 583 1549 sit,
602 1488 744 1558 postremo
764 1480 864 1538 arserit
884 1489 1001 1538 cuncta-

103 1607 158 1663 que
172 1586 350 1664 conripuerit,
363 1594 504 1644 noscatur.
543 1584 660 1643 Falanio
678 1584 827 1661 objiciebat
843 1594 1000 1657 accusator,

105 1693 178 1768 qnod
199 1693 272 1749 inter
294 1690 407 1749 anderes
430 1691 561 1767 Anpnsti,
581 1690 629 1766 qui
649 1709 700 1767 per
719 1709 817 1747 omnes
839 1691 944 1760 domos,
964 1692 997 1749 in

101 1796 216 1853 modum
243 1795 443 1872 conlegiorum,
470 1794 654 1862 habebantur,
682 1794 814 1853 Cassiam
838 1797 997 1872 qnamdam,

103 1904 224 1960 mimam
242 1920 352 1978 corpore
369 1903 518 1976 infamem,
537 1900 715 1957 adscivisset:
738 1902 862 1977 qnodque
881 1903 1002 1960 venditis

102 2009 187 2066 indis
198 2017 319 2066 stanam
327 2006 449 2083 Anpnsti
457 2004 545 2063 simul
553 2006 746 2081 nsannpasset.
770 2004 880 2064 Rubrio
891 2007 1001 2066 crimini

104 2113 222 2171 dabatur
244 2112 379 2171 violatam
394 2112 523 2189 perjuria
546 2130 654 2170 numen
675 2110 804 2188 Aupnn.
851 2110 933 2176 Quae
951 2112 1002 2169 ubi

105 2218 220 2276 Tiberio
232 2225 359 2285 notuere,
373 2216 485 2292 scripsit
505 2214 686 2274 consulibuss
706 2236 763 2273 non
783 2217 843 2274 tideo
862 2217 1002 2276 decretam

98 2325 180 2399 patri
192 2342 241 2380 sno
254 2321 370 2389 cadam,
384 2330 418 2378 nt
429 2323 460 2378 in
473 2321 632 2396 perniciem
653 2320 758 2378 eiciam
777 2321 802 2378 is
819 2321 904 2379 donor
916 2333 1003 2381 vene-

104 2437 190 2486 retur.
233 2426 365 2486 Cassiani
387 2426 547 2484 insaniens
567 2424 677 2483 solitam
697 2426 771 2484 inter
791 2425 860 2484 alios
879 2428 1003 2504 eiwdem

107 2533 177 2589 anis
190 2532 318 2589 interesse
337 2528 421 2597 indis,
441 2549 508 2605 qnos
526 2540 616 2587 mater
635 2549 688 2588 sesa
708 2531 741 2589 in
761 2533 925 2590 memoriam
939 2533 1005 2591 Aa·

107 2639 185 2716 pasti
204 2645 338 2695 sacrasset
346 2659 359 2705 ,·
382 2655 432 2693 nec
452 2644 547 2693 cantra
566 2634 710 2712 sclipianes
722 2637 802 2713 fieri,
816 2638 891 2713 qnod
907 2639 1010 2715 φρένα

108 2747 175 2823 nna,
190 2754 222 2802 nt
244 2742 303 2801 alia
326 2743 481 2800 numinum
506 2740 669 2810 nmnlacra,
693 2742 895 2801 venditionibus
917 2744 1006 2801 derta-

108 2871 174 2909 rnm
194 2861 220 2908 et
238 2851 373 2907 domnam
387 2848 530 2906 wedam.
564 2846 775 2923 Jnsynrandnnn
782 2851 905 2925 perinde
922 2854 1007 2909 aesti-

110 2957 247 3012 mandam
260 2972 346 3031 qaam
359 2954 386 3010 si
398 2950 670 3026 Joaemfifhllisset:
692 2952 806 3010 deornm
819 2954 943 3032 insanias
959 2956 1010 3015 dis

111 3081 203 3118 canoa

151 3162 291 3222 LXXIV.
331 3160 393 3219 Nec
405 3161 495 3218 multo
507 3169 572 3238 post
586 3161 726 3220 Granium
739 3162 909 3221 Marcellum
925 3185 1009 3243 proe-

112 3279 203 3327 torem
222 3267 372 3345 Bithyniae
393 3266 533 3331 Quaestor
552 3267 640 3344 ipsius
661 3267 765 3346 Caepio
780 3268 927 3346 Crispinus
947 3291 1010 3329 ma-

110 3377 220 3454 jestatis
243 3375 404 3453 postulavit,
425 3375 617 3433 subscribente
636 3375 766 3435 Romano
787 3377 933 3454 Hispone:
957 3382 1011 3457 qui

114 3483 234 3540 formam
246 3482 321 3538 vitae
334 3480 404 3549 iniit,
418 3500 503 3558 quam
522 3490 619 3558 postea
637 3482 775 3539 celebrem
795 3483 923 3541 miseriae
936 3491 1012 3540 tem-

116 3605 215 3661 porum
228 3594 258 3643 et
270 3584 401 3643 audaciae
413 3584 557 3642 bominum
570 3585 707 3644 fecerunt.
737 3586 812 3645 Nam
822 3606 917 3664 egens,
927 3589 1012 3665 igno-
