2242 3992
180 353 220 409 48
556 368 705 409 racrrus.

178 506 247 582 fuga
261 507 410 564 desertum.
452 507 576 566 Crebrae
590 508 769 585 eruptiones:
788 525 853 564 nam
867 505 1000 563 adversus
1015 525 1072 563 mo-

178 631 224 669 ras
246 613 397 670 obsidionis
417 614 516 671 annuis
536 614 623 691 copiis
642 614 835 672 firmabantur.
875 612 920 670 Ita
936 613 1072 690 intrepida

110 792 112 799 Α
177 719 216 776 ibi
244 714 342 788 hiems,
371 708 412 777 et
427 720 480 777 sibi
507 718 634 797 quisque
653 720 800 797 praesidio,
827 719 919 776 inritis
946 717 1070 775 hostibus

101 880 103 883 .
177 844 266 901 eoque
280 826 498 902 desperantibus,
512 826 579 901 quia
599 826 673 883 soliti
690 826 854 904 plerumque
868 826 970 899 damna
984 832 1070 882 aesta·

175 930 212 987 tis
225 930 349 988 hibernis
364 931 508 988 eventibus
522 950 649 1008 pensare,
669 941 729 989 tum
749 918 862 989 aestate
876 940 960 1008 atque
981 930 1069 987 hieme

156 1024 254 1112 'juxta
280 1012 464 1113 pellebantur.
513 1035 575 1094 Nec
604 1038 739 1113 Agricola
766 1056 899 1114 umquam
925 1055 977 1114 per
1004 1036 1069 1094 aiios

165 1132 256 1218 ¹gesta
282 1141 379 1198 avidus
406 1141 572 1218 intercepit:
605 1161 654 1199 seu
681 1143 808 1199 centurio
840 1161 889 1198 seu
912 1141 1067 1218 praefectus

176 1247 368 1323 incorruptum
380 1246 449 1303 facti
462 1254 563 1304 testem
577 1246 707 1305 habebat.
743 1246 830 1324 Apud
843 1245 980 1323 quosdam
994 1263 1067 1303 acer·

174 1353 237 1409 bior
260 1353 289 1408 in
313 1352 444 1409 conviciis
467 1354 652 1421 narrabatur3
678 1362 710 1410 ut
733 1353 814 1409 bonis
829 1353 921 1417 =comis
942 1360 1012 1419 erat,
1032 1350 1068 1406 ita

175 1457 309 1515 adversus
325 1458 415 1514 malos
433 1458 621 1533 injucundus:
643 1466 767 1525 ceterum
786 1476 820 1512 ex
838 1455 983 1513 iraumdia
1003 1454 1068 1512 nibil

176 1570 336 1639 supererat3
350 1549 488 1627 secretum
502 1570 530 1619 et
545 1562 686 1619 silentium
700 1560 761 1637 ejus
775 1580 832 1617 non
845 1561 968 1620 timeres.
1010 1560 1067 1618 Ho-

177 1666 284 1723 nestius
297 1665 412 1742 putabat
426 1664 575 1732 offendere,
590 1685 675 1741 quam
689 1665 789 1722 odisse.

183 1792 188 1798 ·
215 1770 330 1828 XXIII.
371 1770 479 1851 Quarta
502 1779 597 1854 aestas
617 1769 775 1839 obtinendis
800 1788 871 1846 quae
894 1778 1096 1849 percurrerat.

174 1878 323 1955 insumpta,
347 1896 388 1944 ac,
408 1876 432 1932 si
452 1875 542 1932 virtus
567 1855 788 1932 exercituumet
809 1874 931 1932 Romani
949 1875 1065 1931 nominis

174 1983 264 2059 gloria
284 1990 434 2059 passrssur,
459 1981 590 2037 inventus
614 1980 644 2035 in
667 1980 728 2056 ipsa
752 1978 899 2036 Britannia
924 1981 1064 2036 terminus.

175 2085 250 2144 Nam
265 2064 348 2163 Clota
360 2067 395 2142 et⁴
403 2085 545 2169 Bodotria,
555 2085 657 2141 diversi
667 2085 752 2142 maris
765 2085 886 2142 aestibus
894 2104 948 2167 per
960 2085 1063 2142 inmen-

174 2209 236 2246 sum
249 2199 386 2257 resectae,
400 2199 519 2266 angusto
533 2198 672 2247 terrarum
686 2190 775 2267 spatio
789 2189 974 2247 dirimuntur:
993 2188 1063 2267 qnod

172 2303 233 2351 tum
253 2294 397 2371 praesidiis
418 2295 599 2352 firmabatur:
628 2286 712 2371 atque
740 2294 830 2351 omnis
851 2294 965 2371 propior
990 2295 1062 2361 sinos

171 2401 327 2467 tenebatur,
342 2401 477 2457 submotis
491 2401 570 2458 velut
583 2402 612 2456 in
627 2401 710 2458 aliam
724 2400 844 2457 insulam
855 2399 994 2456 hostibus.
1035 2438 1040 2457 r

212 2505 322 2563 XXIV.
362 2504 468 2569 Quinto
479 2505 685 2582 expeditionum
699 2524 773 2562 anno
786 2525 858 2563 nave
871 2506 961 2582 prima
974 2514 1062 2562 trans·

170 2631 292 2689 gressus,
312 2611 482 2691 ignotaskad
505 2609 534 2667 id
555 2620 666 2687 tempus
686 2619 785 2687 gentes
804 2590 908 2668 aratris
929 2612 1012 2668 simul
1031 2630 1060 2668 ac

168 2721 307 2798 prosperis
331 2712 443 2797 proeliis
468 2720 593 2798 domuit:
623 2738 740 2795 eamque
763 2719 870 2796 partem
892 2711 1058 2783 Britanniae,

168 2846 239 2903 quae
254 2826 422 2884 Hiberniam
436 2827 563 2904 adspicit,
577 2826 663 2902 copiis
681 2825 813 2909 instruxit
830 2826 860 2880 in
874 2844 952 2902 spem
965 2824 1060 2901 magis,

167 2951 251 3007 quam
272 2933 307 2989 ob
327 2933 526 2990 formidinem:
551 2932 689 3008 siquidem
711 2931 857 2999 Hibernia,
877 2910 971 2987 medio
990 2931 1060 2987 inter

167 3036 341 3094 Britanniam
368 3046 452 3114 atque
476 3019 645 3114 Hispaniam
666 3036 731 3093 sita
757 3046 786 3093 et
814 3036 925 3095 Gallico
952 3053 1060 3112 quoque

71 3144 85 3161 ⁴
165 3139 237 3195 mari
260 3148 424 3217 opportuna,
448 3140 666 3197 valentissimam
687 3141 798 3228 imperii
819 3150 927 3218 partem
952 3141 1057 3218 magnis

165 3245 285 3301 invicem
305 3245 401 3311 usibus
422 3245 574 3325 miscuerit.
616 3244 743 3322 Spatium
764 3248 833 3323 ejus,
853 3248 877 3304 si
899 3247 1057 3305 Britanniw

166 3328 352 3428 comparetur,
364 3351 519 3426 angustius,
533 3351 720 3408 nostrimaris
734 3352 838 3408 insulas
854 3352 975 3431 superat.
1009 3352 1056 3411 So·

166 3457 225 3513 lum
253 3455 416 3531 caelumque
443 3440 484 3512 et*
498 3456 611 3532 ingenia
638 3442 785 3533 cultusque
812 3457 958 3516 bominum
985 3457 1055 3518 haud

164 3560 284 3618 multum
297 3548 314 3618 a
329 3560 476 3618 Britannia
488 3560 629 3618 differunt.
669 3561 776 3619 Melius
795 3563 887 3621 aditus
907 3575 1056 3642 portusque
