2242 3992
177 343 234 401 108
548 360 696 402 racrrns.

172 499 224 555 tim
253 498 375 556 adclines
403 518 472 575 quas
496 507 557 556 tum
580 500 726 559 Arminius
753 500 878 577 inplevit,
906 499 1070 577 conpendiis

172 606 281 663 viarum
295 613 323 662 et
334 605 389 662 cito
402 606 513 681 agmine
527 614 659 663 onustum
673 606 789 663 sarcinis
800 606 939 683 armisque
951 606 1072 663 militem

173 731 237 768 eum
260 712 456 790 antevenisset.
514 713 652 771 Caecinae
674 712 819 781 dubitanti,
844 732 966 790 quonam
985 712 1073 770 modo

172 824 270 893 ruptos
291 825 429 874 vetustate
451 826 550 894 pontes
572 826 727 894 reponeret,
742 818 881 895 simulque
894 816 1072 894 propulsaret

172 924 291 993 hostem,
316 933 408 982 eastra
426 927 526 982 metari
545 927 575 983 in
606 926 668 983 loco
689 925 800 1002 placmt,
821 934 854 983 ut
874 943 953 1001 opus,
973 932 1006 981 et
1026 923 1071 982 alii

173 1030 311 1106 proelium
324 1031 488 1108 inciperent.

212 1135 321 1194 LXIV.
362 1136 481 1193 Barbari
503 1135 678 1212 perfringere
699 1136 847 1216 stationes,
859 1154 946 1212 seque
963 1135 1071 1191 inferre

171 1242 356 1299 munitoribus
377 1244 440 1311 nisi,
454 1244 604 1311 lacessunt,
616 1242 895 1318 circumgrediuntur,
907 1241 1067 1298 obcursant.

172 1346 312 1403 Miscetur
332 1346 506 1422 operantium
526 1346 745 1423 bellantiumque
770 1346 892 1414 clamor;
911 1354 941 1404 et
968 1353 1068 1403 cuncta

172 1453 276 1529 pariter
290 1452 426 1509 Romanis
446 1452 580 1520 adversa;
599 1451 677 1509 locus
700 1452 806 1529 uligine
827 1451 975 1528 profimda,
997 1451 1069 1508 idem

171 1557 207 1614 ad
233 1558 352 1634 gradum
378 1558 524 1626 instabilis,
552 1558 766 1634 procedentibus
793 1558 926 1626 lubricus,
952 1576 1069 1634 corpora

171 1663 269 1739 gravia
291 1662 403 1729 loricis;
425 1682 516 1739 neque
535 1662 638 1719 librare
659 1663 716 1739 pila
734 1664 808 1719 inter
821 1662 910 1719 undas
930 1669 1069 1739 poterant.

174 1769 281 1827 Contra
306 1768 456 1827 Cheruscis
481 1776 560 1825 sueta
583 1768 657 1844 apud
681 1767 795 1845 paludes
820 1768 934 1844 proelia,
953 1786 1068 1844 procera

171 1876 306 1944 membra,
326 1874 423 1931 hastae
445 1874 573 1950 ingentes
597 1873 634 1930 ad
654 1873 772 1930 vulnera
790 1872 919 1930 facienda
942 1872 1068 1949 quamvis

173 1980 279 2058 procul.
320 1979 384 2037 Nox
400 1979 513 2036 demum
526 1978 686 2035 inclinantis
708 1980 767 2055 jam
789 1978 914 2055 legiones
935 1978 1068 2036 adversae

171 2106 282 2164 pugnae
295 2086 407 2143 exemit
448 2085 594 2153 Germani,
605 2085 641 2141 ob
656 2103 789 2161 prospera
802 2084 944 2151 indefessi,
959 2092 1068 2141 netum

172 2191 286 2267 quidem
300 2198 410 2267 sumpta
423 2190 526 2265 quiete,
537 2197 673 2265 quantum
686 2209 822 2265 aquarum
833 2190 939 2246 circum
953 2208 1070 2266 surgen·

172 2297 248 2353 tibus
259 2296 336 2371 jugis
350 2295 448 2363 oritur,
465 2304 575 2352 vertere
595 2296 625 2351 in
646 2295 792 2370 subjecta;
812 2314 961 2372 mersaque
974 2295 1068 2363 humo,

172 2410 202 2457 et
218 2402 318 2457 obruto
336 2400 413 2476 quod
433 2400 562 2457 effectum
582 2401 683 2476 operis,
702 2399 858 2476 duplicatus
878 2401 961 2458 militi
982 2401 1069 2457 labor.

173 2505 425 2581 Quadragcsimum
443 2504 472 2561 id
491 2505 659 2581 stipendium
674 2505 797 2575 Caecina
814 2505 930 2581 parendi
949 2513 997 2562 aut
1016 2504 1069 2560 im·

172 2611 310 2689 peritandi
332 2609 471 2678 habebat;
500 2609 685 2666 secundarum
706 2610 955 2695 ambiguarumque
975 2628 1069 2665 rerum

172 2718 272 2786 aciem,
287 2736 376 2793 eoque
390 2716 542 2773 interritus.
577 2714 668 2791 Igitur
680 2714 776 2771 futura
788 2714 916 2782 volvens,
926 2733 983 2770 non
992 2712 1070 2769 aliud

171 2825 302 2902 repperit,
317 2842 401 2900 qnam
420 2830 451 2879 ut
471 2821 581 2878 hostem
601 2820 679 2876 silvis
699 2827 849 2886 coerceret,
864 2819 954 2877 donec
973 2818 1069 2883 saucii,

162 2938 363 3005 quantumque
387 2913 523 3003 gravioris
547 2924 675 3000 agminis,
698 2924 856 2981 anteirent:
887 2942 953 2980 nam
974 2921 1068 2978 medio

170 3033 307 3089 montium
321 3042 349 3090 et
362 3031 495 3108 paludum
508 3030 705 3107 porrigebatur
718 3019 857 3105 planities,
872 3048 944 3105 quae
953 3035 1068 3084 tenuem

171 3137 260 3194 aciem
285 3144 436 3213 pateretur.
491 3135 664 3211 Deliguntur
691 3134 824 3210 legiones,
849 3135 948 3210 quinta
970 3133 1069 3190 dextro

170 3243 260 3311 lateri,
278 3242 495 3298 unaetvicesima
514 3242 543 3297 in
564 3241 694 3308 laevum3
713 3240 833 3318 primani
854 3240 1009 3297 ducendum
1030 3238 1068 3296 ad

171 3367 281 3425 agmen,
295 3347 479 3404 vicesimanus
493 3347 643 3404 adversum
656 3356 812 3404 secuturos.

211 3452 304 3510 LXV.
345 3451 410 3508 Nox
424 3471 474 3528 per
493 3452 603 3508 diversa
622 3452 750 3528 inquies;
771 3471 835 3508 cum
852 3452 966 3508 barbari
984 3449 1064 3506 festis

172 3557 269 3634 epulis,
283 3556 356 3612 laeto
371 3563 454 3611 cantu
472 3563 521 3612 aut
538 3555 611 3611 truci
630 3574 730 3613 sonore
752 3556 878 3631 subjecta
898 3556 1011 3613 vallium
1029 3575 1065 3612 ac
