<?xml version="1.0" encoding="UTF-8"?>
<!DOCTYPE html PUBLIC "-//W3C//DTD XHTML 1.0 Transitional//EN"
    "http://www.w3.org/TR/xhtml1/DTD/xhtml1-transitional.dtd">
<html xmlns="http://www.w3.org/1999/xhtml" xml:lang="en" lang="en">
 <head>
  <title>
</title>
<meta http-equiv="Content-Type" content="text/html;charset=utf-8" />
  <meta name='ocr-system' content='tesseract 3.04.00' />
  <meta name='ocr-capabilities' content='ocr_page ocr_carea ocr_par ocr_line ocrx_word'/>
</head>
<body>
  <div class='ocr_page' id='page_1' title='image "./germaniaagricol00btgoog_0162.png"; bbox 0 0 2242 3992; ppageno 0'>
   <div class='ocr_carea' id='block_1_1' title="bbox 132 295 652 350">
    <p class='ocr_par' dir='ltr' id='par_1_1' title="bbox 132 295 652 350">
     <span class='ocr_line' id='line_1_1' title="bbox 132 295 652 350; baseline -0.002 0"><span class='ocrx_word' id='word_1_1' title='bbox 132 295 171 350; x_wconf 85' lang='grc'>76</span> <span class='ocrx_word' id='word_1_2' title='bbox 504 308 652 350; x_wconf 69' lang='lat' dir='ltr'>suerrus.</span> 
     </span>
    </p>
   </div>
   <div class='ocr_carea' id='block_1_2' title="bbox 121 446 1113 1788">
    <p class='ocr_par' dir='ltr' id='par_1_2' title="bbox 121 412 1113 1788">
     <span class='ocr_line' id='line_1_2' title="bbox 121 446 1039 523; baseline -0.003 -17"><span class='ocrx_word' id='word_1_3' title='bbox 121 449 245 523; x_wconf 79' lang='lat' dir='ltr'>facilius</span> <span class='ocrx_word' id='word_1_4' title='bbox 258 449 360 505; x_wconf 77' lang='lat' dir='ltr'>maala</span> <span class='ocrx_word' id='word_1_5' title='bbox 373 447 553 523; x_wconf 78' lang='lat' dir='ltr'>reipublicae</span> <span class='ocrx_word' id='word_1_6' title='bbox 566 449 677 504; x_wconf 66' lang='lat' dir='ltr'>sacratu</span> <span class='ocrx_word' id='word_1_7' title='bbox 693 446 831 504; x_wconf 70' lang='lat' dir='ltr'><em>laboribus</em></span> <span class='ocrx_word' id='word_1_8' title='bbox 852 456 1039 504; x_wconf 70' lang='lat' dir='ltr'>exsecuturos.</span> 
     </span>
     <span class='ocr_line' id='line_1_3' title="bbox 134 532 1113 629; baseline -0.004 -18"><span class='ocrx_word' id='word_1_9' title='bbox 134 554 203 612; x_wconf 91' lang='lat' dir='ltr'>Plus</span> <span class='ocrx_word' id='word_1_10' title='bbox 217 554 246 609; x_wconf 94' lang='lat' dir='ltr'>in</span> <span class='ocrx_word' id='word_1_11' title='bbox 260 553 386 610; x_wconf 87' lang='lat' dir='ltr'>oratione</span> <span class='ocrx_word' id='word_1_12' title='bbox 398 553 449 609; x_wconf 86' lang='lat' dir='ltr'>tali</span> <span class='ocrx_word' id='word_1_13' title='bbox 463 552 607 628; x_wconf 82' lang='lat' dir='ltr'>dignitatis</span> <span class='ocrx_word' id='word_1_14' title='bbox 621 572 706 629; x_wconf 88' lang='lat' dir='ltr'>quam</span> <span class='ocrx_word' id='word_1_15' title='bbox 724 551 790 609; x_wconf 89' lang='lat' dir='ltr'>fidei</span> <span class='ocrx_word' id='word_1_16' title='bbox 809 560 888 609; x_wconf 83' lang='lat' dir='ltr'>erat:</span> <span class='ocrx_word' id='word_1_17' title='bbox 903 551 1038 608; x_wconf 88' lang='lat' dir='ltr'>Tiberio·</span> <span class='ocrx_word' id='word_1_18' title='bbox 1112 532 1113 599; x_wconf 61' lang='lat' dir='ltr'>l</span> 
     </span>
     <span class='ocr_line' id='line_1_4' title="bbox 133 657 1113 736; baseline -0.005 -20"><span class='ocrx_word' id='word_1_19' title='bbox 133 679 188 736; x_wconf 90' lang='lat' dir='ltr'>que</span> <span class='ocrx_word' id='word_1_20' title='bbox 201 659 285 715; x_wconf 86' lang='lat' dir='ltr'>etiam</span> <span class='ocrx_word' id='word_1_21' title='bbox 301 658 331 714; x_wconf 92' lang='lat' dir='ltr'>in</span> <span class='ocrx_word' id='word_1_22' title='bbox 345 659 429 714; x_wconf 89' lang='lat' dir='ltr'>rebus</span> <span class='ocrx_word' id='word_1_23' title='bbox 450 677 519 734; x_wconf 86' lang='lat' dir='ltr'>quas</span> <span class='ocrx_word' id='word_1_24' title='bbox 539 677 597 714; x_wconf 91' lang='lat' dir='ltr'>non</span> <span class='ocrx_word' id='word_1_25' title='bbox 618 657 768 724; x_wconf 77' lang='lat' dir='ltr'>occuleret,</span> <span class='ocrx_word' id='word_1_26' title='bbox 783 677 833 714; x_wconf 89' lang='lat' dir='ltr'>sen</span> <span class='ocrx_word' id='word_1_27' title='bbox 852 665 955 714; x_wconf 87' lang='lat' dir='ltr'>natura</span> <span class='ocrx_word' id='word_1_28' title='bbox 973 657 1038 713; x_wconf 87' lang='lat' dir='ltr'>sive</span> <span class='ocrx_word' id='word_1_29' title='bbox 1112 708 1113 735; x_wconf 25' lang='grc' dir='ltr'>Ξ</span> 
     </span>
     <span class='ocr_line' id='line_1_5' title="bbox 132 763 1039 841; baseline -0.002 -20"><span class='ocrx_word' id='word_1_30' title='bbox 132 763 324 832; x_wconf 80' lang='lat' dir='ltr'><strong>adsuetudine,</strong></span> <span class='ocrx_word' id='word_1_31' title='bbox 349 783 484 841; x_wconf 85' lang='lat' dir='ltr'>suspensa</span> <span class='ocrx_word' id='word_1_32' title='bbox 507 783 618 841; x_wconf 85' lang='lat' dir='ltr'>semper</span> <span class='ocrx_word' id='word_1_33' title='bbox 639 772 668 821; x_wconf 88' lang='lat' dir='ltr'>et</span> <span class='ocrx_word' id='word_1_34' title='bbox 691 765 811 821; x_wconf 88' lang='lat' dir='ltr'>obscura</span> <span class='ocrx_word' id='word_1_35' title='bbox 832 765 939 831; x_wconf 80' lang='lat' dir='ltr'>verba3</span> <span class='ocrx_word' id='word_1_36' title='bbox 965 772 1039 820; x_wconf 87' lang='lat' dir='ltr'>tunc</span> 
     </span>
     <span class='ocr_line' id='line_1_6' title="bbox 133 869 1039 947; baseline 0 -21"><span class='ocrx_word' id='word_1_37' title='bbox 133 888 201 926; x_wconf 85' lang='lat' dir='ltr'>vero</span> <span class='ocrx_word' id='word_1_38' title='bbox 214 869 315 926; x_wconf 82' lang='lat' dir='ltr'>nitenti</span> <span class='ocrx_word' id='word_1_39' title='bbox 335 878 366 926; x_wconf 91' lang='lat' dir='ltr'>ut</span> <span class='ocrx_word' id='word_1_40' title='bbox 384 889 483 926; x_wconf 88' lang='lat' dir='ltr'>sensus</span> <span class='ocrx_word' id='word_1_41' title='bbox 498 889 563 926; x_wconf 90' lang='lat' dir='ltr'>suos</span> <span class='ocrx_word' id='word_1_42' title='bbox 579 870 690 947; x_wconf 87' lang='lat' dir='ltr'>penitus</span> <span class='ocrx_word' id='word_1_43' title='bbox 708 869 832 938; x_wconf 89' lang='lat' dir='ltr'>abderet,</span> <span class='ocrx_word' id='word_1_44' title='bbox 846 870 876 925; x_wconf 93' lang='lat' dir='ltr'>in</span> <span class='ocrx_word' id='word_1_45' title='bbox 893 869 1039 926; x_wconf 84' lang='lat' dir='ltr'>incertum</span> 
     </span>
     <span class='ocr_line' id='line_1_7' title="bbox 132 975 1037 1053; baseline -0.003 -20"><span class='ocrx_word' id='word_1_46' title='bbox 132 984 161 1033; x_wconf 91' lang='lat' dir='ltr'>et</span> <span class='ocrx_word' id='word_1_47' title='bbox 182 975 344 1052; x_wconf 82' lang='lat' dir='ltr'>ambiguum</span> <span class='ocrx_word' id='word_1_48' title='bbox 367 977 457 1052; x_wconf 76' lang='lat' dir='ltr'>magis</span> <span class='ocrx_word' id='word_1_49' title='bbox 481 976 696 1053; x_wconf 84' lang='lat' dir='ltr'><strong>inplicabantur.</strong></span> <span class='ocrx_word' id='word_1_50' title='bbox 745 976 787 1032; x_wconf 80' lang='lat' dir='ltr'>At</span> <span class='ocrx_word' id='word_1_51' title='bbox 805 984 909 1052; x_wconf 86' lang='lat' dir='ltr'>patres,</span> <span class='ocrx_word' id='word_1_52' title='bbox 930 975 1037 1051; x_wconf 91' lang='lat' dir='ltr'>quibus</span> 
     </span>
     <span class='ocr_line' id='line_1_8' title="bbox 132 1079 1113 1158; baseline -0.004 -19"><span class='ocrx_word' id='word_1_53' title='bbox 132 1102 206 1139; x_wconf 90' lang='lat' dir='ltr'>unus</span> <span class='ocrx_word' id='word_1_54' title='bbox 223 1091 324 1152; x_wconf 89' lang='lat' dir='ltr'>metus,</span> <span class='ocrx_word' id='word_1_55' title='bbox 343 1082 367 1138; x_wconf 88' lang='lat' dir='ltr'>si</span> <span class='ocrx_word' id='word_1_56' title='bbox 388 1082 545 1158; x_wconf 85' lang='lat' dir='ltr'>intelligere</span> <span class='ocrx_word' id='word_1_57' title='bbox 559 1081 730 1150; x_wconf 85' lang='lat' dir='ltr'>viderentur,</span> <span class='ocrx_word' id='word_1_58' title='bbox 751 1081 781 1137; x_wconf 91' lang='lat' dir='ltr'>in</span> <span class='ocrx_word' id='word_1_59' title='bbox 802 1088 927 1157; x_wconf 86' lang='lat' dir='ltr'>questus,</span> <span class='ocrx_word' id='word_1_60' title='bbox 950 1079 1037 1136; x_wconf 86' lang='lat' dir='ltr'>lacri-</span> <span class='ocrx_word' id='word_1_61' title='bbox 1112 1092 1113 1095; x_wconf 75' lang='grc'>’</span> 
     </span>
     <span class='ocr_line' id='line_1_9' title="bbox 132 1183 1113 1260; baseline -0.001 -19"><span class='ocrx_word' id='word_1_62' title='bbox 132 1205 201 1254; x_wconf 86' lang='lat' dir='ltr'>mas,</span> <span class='ocrx_word' id='word_1_63' title='bbox 225 1194 292 1243; x_wconf 89' lang='lat' dir='ltr'>vota</span> <span class='ocrx_word' id='word_1_64' title='bbox 315 1184 436 1253; x_wconf 79' lang='lat' dir='ltr'>effundi3</span> <span class='ocrx_word' id='word_1_65' title='bbox 464 1184 501 1242; x_wconf 86' lang='lat' dir='ltr'>ad</span> <span class='ocrx_word' id='word_1_66' title='bbox 528 1184 604 1252; x_wconf 89' lang='lat' dir='ltr'>deos,</span> <span class='ocrx_word' id='word_1_67' title='bbox 632 1184 668 1241; x_wconf 89' lang='lat' dir='ltr'>ad</span> <span class='ocrx_word' id='word_1_68' title='bbox 691 1184 813 1260; x_wconf 80' lang='lat' dir='ltr'>effigiem</span> <span class='ocrx_word' id='word_1_69' title='bbox 836 1183 972 1260; x_wconf 84' lang='lat' dir='ltr'>Augusti,</span> <span class='ocrx_word' id='word_1_70' title='bbox 998 1183 1037 1240; x_wconf 89' lang='lat' dir='ltr'>ad</span> <span class='ocrx_word' id='word_1_71' title='bbox 1112 1214 1113 1217; x_wconf 35' lang='lat'>¹</span> 
     </span>
     <span class='ocr_line' id='line_1_10' title="bbox 132 1288 1037 1368; baseline -0.004 -19"><span class='ocrx_word' id='word_1_72' title='bbox 132 1312 225 1368; x_wconf 86' lang='lat' dir='ltr'>genna</span> <span class='ocrx_word' id='word_1_73' title='bbox 244 1292 331 1368; x_wconf 88' lang='lat' dir='ltr'>ipsius</span> <span class='ocrx_word' id='word_1_74' title='bbox 351 1310 451 1349; x_wconf 89' lang='lat' dir='ltr'>manus</span> <span class='ocrx_word' id='word_1_75' title='bbox 470 1290 595 1356; x_wconf 89' lang='lat' dir='ltr'>tendere,</span> <span class='ocrx_word' id='word_1_76' title='bbox 610 1304 673 1347; x_wconf 82' lang='lat' dir='ltr'>oum</span> <span class='ocrx_word' id='word_1_77' title='bbox 687 1290 808 1366; x_wconf 87' lang='lat' dir='ltr'>proferri</span> <span class='ocrx_word' id='word_1_78' title='bbox 821 1288 948 1346; x_wconf 89' lang='lat' dir='ltr'>libellum</span> <span class='ocrx_word' id='word_1_79' title='bbox 962 1290 1037 1346; x_wconf 88' lang='lat' dir='ltr'>reci-</span> 
     </span>
     <span class='ocr_line' id='line_1_11' title="bbox 132 1397 1035 1474; baseline -0.004 -19"><span class='ocrx_word' id='word_1_80' title='bbox 132 1399 242 1474; x_wconf 88' lang='lat' dir='ltr'>tarique</span> <span class='ocrx_word' id='word_1_81' title='bbox 259 1397 353 1473; x_wconf 80' lang='lat' dir='ltr'>jussit.</span> <span class='ocrx_word' id='word_1_82' title='bbox 405 1397 482 1474; x_wconf 88' lang='lat' dir='ltr'>Opes</span> <span class='ocrx_word' id='word_1_83' title='bbox 501 1397 630 1474; x_wconf 83' lang='lat' dir='ltr'>publicae</span> <span class='ocrx_word' id='word_1_84' title='bbox 649 1397 873 1467; x_wconf 72' lang='lat' dir='ltr'>continebantur,</span> <span class='ocrx_word' id='word_1_85' title='bbox 889 1403 1035 1470; x_wconf 27' lang='lat' dir='ltr'>*quantum</span> 
     </span>
     <span class='ocr_line' id='line_1_12' title="bbox 133 1500 1113 1577; baseline -0.004 -19"><span class='ocrx_word' id='word_1_86' title='bbox 133 1502 237 1558; x_wconf 86' lang='lat' dir='ltr'>civium</span> <span class='ocrx_word' id='word_1_87' title='bbox 248 1502 441 1577; x_wconf 88' lang='lat' dir='ltr'>sociorumque</span> <span class='ocrx_word' id='word_1_88' title='bbox 455 1501 484 1557; x_wconf 90' lang='lat' dir='ltr'>in</span> <span class='ocrx_word' id='word_1_89' title='bbox 499 1502 593 1569; x_wconf 88' lang='lat' dir='ltr'>armis,</span> <span class='ocrx_word' id='word_1_90' title='bbox 604 1509 674 1576; x_wconf 90' lang='lat' dir='ltr'>quot</span> <span class='ocrx_word' id='word_1_91' title='bbox 684 1500 797 1569; x_wconf 83' lang='lat' dir='ltr'>classes,</span> <span class='ocrx_word' id='word_1_92' title='bbox 807 1519 904 1576; x_wconf 86' lang='lat' dir='ltr'>regna,</span> <span class='ocrx_word' id='word_1_93' title='bbox 914 1500 1033 1576; x_wconf 82' lang='lat' dir='ltr'>provin-</span> <span class='ocrx_word' id='word_1_94' title='bbox 1112 1534 1113 1537; x_wconf 59' lang='lat'><em>=</em></span> 
     </span>
     <span class='ocr_line' id='line_1_13' title="bbox 132 1603 1034 1682; baseline -0.003 -19"><span class='ocrx_word' id='word_1_95' title='bbox 132 1607 201 1675; x_wconf 82' lang='lat' dir='ltr'>aiae,</span> <span class='ocrx_word' id='word_1_96' title='bbox 214 1607 321 1664; x_wconf 86' lang='lat' dir='ltr'>tributa</span> <span class='ocrx_word' id='word_1_97' title='bbox 333 1614 382 1664; x_wconf 88' lang='lat' dir='ltr'>aut</span> <span class='ocrx_word' id='word_1_98' title='bbox 395 1606 551 1682; x_wconf 81' lang='lat' dir='ltr'>vectigalia,</span> <span class='ocrx_word' id='word_1_99' title='bbox 566 1614 594 1662; x_wconf 92' lang='lat' dir='ltr'>et</span> <span class='ocrx_word' id='word_1_100' title='bbox 607 1605 788 1662; x_wconf 82' lang='lat' dir='ltr'>necessitates</span> <span class='ocrx_word' id='word_1_101' title='bbox 801 1624 834 1661; x_wconf 89' lang='lat' dir='ltr'>ac</span> <span class='ocrx_word' id='word_1_102' title='bbox 847 1603 1034 1680; x_wconf 83' lang='lat' dir='ltr'>largitiones:</span> 
     </span>
     <span class='ocr_line' id='line_1_14' title="bbox 132 1706 1034 1788; baseline -0.004 -19"><span class='ocrx_word' id='word_1_103' title='bbox 132 1731 204 1788; x_wconf 85' lang='lat' dir='ltr'>qnae</span> <span class='ocrx_word' id='word_1_104' title='bbox 219 1720 319 1769; x_wconf 86' lang='lat' dir='ltr'>cuncto</span> <span class='ocrx_word' id='word_1_105' title='bbox 333 1731 384 1768; x_wconf 90' lang='lat' dir='ltr'>sua</span> <span class='ocrx_word' id='word_1_106' title='bbox 396 1731 482 1768; x_wconf 88' lang='lat' dir='ltr'>manu</span> <span class='ocrx_word' id='word_1_107' title='bbox 495 1711 695 1788; x_wconf 89' lang='lat' dir='ltr'>perscripserat</span> <span class='ocrx_word' id='word_1_108' title='bbox 710 1711 858 1786; x_wconf 81' lang='lat' dir='ltr'>Augustus</span> <span class='ocrx_word' id='word_1_109' title='bbox 872 1706 1034 1766; x_wconf 83' lang='lat' dir='ltr'>addiderat-</span> 
     </span>
    </p>
   </div>
   <div class='ocr_carea' id='block_1_3' title="bbox 109 1816 1033 2094">
    <p class='ocr_par' dir='ltr' id='par_1_3' title="bbox 109 1816 1033 2094">
     <span class='ocr_line' id='line_1_15' title="bbox 132 1816 1033 1895; baseline -0.001 -20"><span class='ocrx_word' id='word_1_110' title='bbox 132 1838 187 1895; x_wconf 90' lang='lat' dir='ltr'>que</span> <span class='ocrx_word' id='word_1_111' title='bbox 200 1818 347 1875; x_wconf 88' lang='lat' dir='ltr'>consilium</span> <span class='ocrx_word' id='word_1_112' title='bbox 362 1816 509 1874; x_wconf 89' lang='lat' dir='ltr'>coercendi</span> <span class='ocrx_word' id='word_1_113' title='bbox 522 1817 597 1874; x_wconf 90' lang='lat' dir='ltr'>intra</span> <span class='ocrx_word' id='word_1_114' title='bbox 609 1817 744 1874; x_wconf 87' lang='lat' dir='ltr'>terminos</span> <span class='ocrx_word' id='word_1_115' title='bbox 759 1816 878 1894; x_wconf 90' lang='lat' dir='ltr'>imperii,</span> <span class='ocrx_word' id='word_1_116' title='bbox 891 1816 1033 1874; x_wconf 83' lang='lat' dir='ltr'>incertum</span> 
     </span>
     <span class='ocr_line' id='line_1_16' title="bbox 128 1915 476 1993; baseline -0.009 -19"><span class='ocrx_word' id='word_1_117' title='bbox 128 1926 207 1974; x_wconf 91' lang='lat' dir='ltr'>metu</span> <span class='ocrx_word' id='word_1_118' title='bbox 220 1936 257 1974; x_wconf 88' lang='lat' dir='ltr'>an</span> <span class='ocrx_word' id='word_1_119' title='bbox 270 1937 320 1993; x_wconf 92' lang='lat' dir='ltr'>per</span> <span class='ocrx_word' id='word_1_120' title='bbox 334 1915 476 1973; x_wconf 87' lang='lat' dir='ltr'>invidiam.</span> 
     </span>
     <span class='ocr_line' id='line_1_17' title="bbox 109 2017 1031 2094; baseline -0.001 -17"><span class='ocrx_word' id='word_1_121' title='bbox 109 2072 111 2077; x_wconf 92' lang='lat'><em>.</em></span> <span class='ocrx_word' id='word_1_122' title='bbox 178 2020 248 2078; x_wconf 89' lang='lat' dir='ltr'><strong>XII.</strong></span> <span class='ocrx_word' id='word_1_123' title='bbox 297 2020 376 2077; x_wconf 90' lang='lat' dir='ltr'>Inter</span> <span class='ocrx_word' id='word_1_124' title='bbox 403 2038 475 2094; x_wconf 90' lang='lat' dir='ltr'>quae</span> <span class='ocrx_word' id='word_1_125' title='bbox 502 2025 603 2075; x_wconf 90' lang='lat' dir='ltr'>senatu</span> <span class='ocrx_word' id='word_1_126' title='bbox 629 2017 667 2075; x_wconf 89' lang='lat' dir='ltr'>ad</span> <span class='ocrx_word' id='word_1_127' title='bbox 689 2018 799 2074; x_wconf 86' lang='lat' dir='ltr'>infimas</span> <span class='ocrx_word' id='word_1_128' title='bbox 827 2019 1031 2076; x_wconf 81' lang='lat' dir='ltr'>obtestationes</span> 
     </span>
    </p>
   </div>
   <div class='ocr_carea' id='block_1_4' title="bbox 127 2122 1113 3155">
    <p class='ocr_par' dir='ltr' id='par_1_4' title="bbox 127 2122 1113 3155">
     <span class='ocr_line' id='line_1_18' title="bbox 129 2122 1032 2203; baseline -0.002 -20"><span class='ocrx_word' id='word_1_129' title='bbox 129 2126 339 2203; x_wconf 86' lang='lat' dir='ltr'>procumbente,</span> <span class='ocrx_word' id='word_1_130' title='bbox 353 2123 423 2180; x_wconf 81' lang='lat' dir='ltr'>dixit</span> <span class='ocrx_word' id='word_1_131' title='bbox 435 2123 509 2180; x_wconf 85' lang='lat' dir='ltr'>forte</span> <span class='ocrx_word' id='word_1_132' title='bbox 525 2122 656 2179; x_wconf 91' lang='lat' dir='ltr'>Tiberius</span> <span class='ocrx_word' id='word_1_133' title='bbox 669 2142 706 2192; x_wconf 88' lang='lat' dir='ltr'>se,</span> <span class='ocrx_word' id='word_1_134' title='bbox 721 2133 753 2180; x_wconf 89' lang='lat' dir='ltr'>at</span> <span class='ocrx_word' id='word_1_135' title='bbox 769 2144 825 2180; x_wconf 86' lang='lat' dir='ltr'>aaa</span> <span class='ocrx_word' id='word_1_136' title='bbox 844 2127 891 2181; x_wconf 81' lang='lat' dir='ltr'>toti</span> <span class='ocrx_word' id='word_1_137' title='bbox 903 2126 947 2181; x_wconf 85' lang='lat' dir='ltr'>rei</span> <span class='ocrx_word' id='word_1_138' title='bbox 954 2126 1032 2200; x_wconf 73' lang='lat' dir='ltr'>pala-</span> 
     </span>
     <span class='ocr_line' id='line_1_19' title="bbox 131 2228 1113 2306; baseline 0.001 -20"><span class='ocrx_word' id='word_1_139' title='bbox 131 2228 201 2286; x_wconf 81' lang='lat' dir='ltr'>lr&#39;eae</span> <span class='ocrx_word' id='word_1_140' title='bbox 217 2247 326 2303; x_wconf 76' lang='lat' dir='ltr'>parere,</span> <span class='ocrx_word' id='word_1_141' title='bbox 342 2229 382 2284; x_wconf 81' lang='lat' dir='ltr'>ita</span> <span class='ocrx_word' id='word_1_142' title='bbox 400 2246 588 2302; x_wconf 80' lang='lat' dir='ltr'>quaecamque</span> <span class='ocrx_word' id='word_1_143' title='bbox 601 2247 674 2302; x_wconf 79' lang='lat' dir='ltr'>pars</span> <span class='ocrx_word' id='word_1_144' title='bbox 691 2229 745 2285; x_wconf 82' lang='lat' dir='ltr'>sibl</span> <span class='ocrx_word' id='word_1_145' title='bbox 763 2231 955 2301; x_wconf 77' lang='lat' dir='ltr'>mandaretur,</span> <span class='ocrx_word' id='word_1_146' title='bbox 970 2232 1032 2306; x_wconf 71' lang='lat' dir='ltr'>eJ&#39;us</span> <span class='ocrx_word' id='word_1_147' title='bbox 1112 2258 1113 2263; x_wconf 42' lang='lat'>¹</span> 
     </span>
     <span class='ocr_line' id='line_1_20' title="bbox 127 2332 1030 2411; baseline 0.001 -20"><span class='ocrx_word' id='word_1_148' title='bbox 127 2332 241 2391; x_wconf 84' lang='lat' dir='ltr'>tutelam</span> <span class='ocrx_word' id='word_1_149' title='bbox 264 2343 465 2408; x_wconf 81' lang='lat' dir='ltr'>susceptarum.</span> <span class='ocrx_word' id='word_1_150' title='bbox 506 2333 581 2390; x_wconf 89' lang='lat' dir='ltr'>Tum</span> <span class='ocrx_word' id='word_1_151' title='bbox 604 2334 721 2391; x_wconf 87' lang='lat' dir='ltr'>Asinius</span> <span class='ocrx_word' id='word_1_152' title='bbox 744 2334 854 2403; x_wconf 90' lang='lat' dir='ltr'>Gallus,</span> <span class='ocrx_word' id='word_1_153' title='bbox 876 2334 1030 2411; x_wconf 73' lang='lat' dir='ltr'>Interroya</span> 
     </span>
     <span class='ocr_line' id='line_1_21' title="bbox 130 2437 1032 2515; baseline 0.002 -21"><span class='ocrx_word' id='word_1_154' title='bbox 130 2437 230 2513; x_wconf 89' lang='lat' dir='ltr'>inquit,</span> <span class='ocrx_word' id='word_1_155' title='bbox 248 2437 361 2505; x_wconf 88' lang='lat' dir='ltr'>Caesar,</span> <span class='ocrx_word' id='word_1_156' title='bbox 383 2456 469 2512; x_wconf 86' lang='lat' dir='ltr'>qaam</span> <span class='ocrx_word' id='word_1_157' title='bbox 482 2449 597 2512; x_wconf 81' lang='lat' dir='ltr'>partera</span> <span class='ocrx_word' id='word_1_158' title='bbox 616 2441 660 2496; x_wconf 83' lang='lat' dir='ltr'>rel</span> <span class='ocrx_word' id='word_1_159' title='bbox 673 2440 804 2515; x_wconf 78' lang='lat' dir='ltr'>publicae</span> <span class='ocrx_word' id='word_1_160' title='bbox 824 2441 960 2498; x_wconf 81' lang='lat' dir='ltr'>mandari</span> <span class='ocrx_word' id='word_1_161' title='bbox 978 2441 1032 2498; x_wconf 73' lang='lat' dir='ltr'>tibi</span> 
     </span>
     <span class='ocr_line' id='line_1_22' title="bbox 131 2542 1030 2622; baseline 0.001 -22"><span class='ocrx_word' id='word_1_162' title='bbox 131 2543 206 2602; x_wconf 78' lang='lat' dir='ltr'>aclis.</span> <span class='ocrx_word' id='word_1_163' title='bbox 248 2543 399 2601; x_wconf 90' lang='lat' dir='ltr'>Perculsus</span> <span class='ocrx_word' id='word_1_164' title='bbox 417 2542 560 2618; x_wconf 88' lang='lat' dir='ltr'>inprovisa</span> <span class='ocrx_word' id='word_1_165' title='bbox 578 2544 805 2620; x_wconf 81' lang='lat' dir='ltr'>interrogatione,</span> <span class='ocrx_word' id='word_1_166' title='bbox 829 2545 944 2622; x_wconf 81' lang='lat' dir='ltr'>paulum</span> <span class='ocrx_word' id='word_1_167' title='bbox 962 2546 1030 2602; x_wconf 85' lang='lat' dir='ltr'>reti·</span> 
     </span>
     <span class='ocr_line' id='line_1_23' title="bbox 132 2648 1113 2727; baseline 0 -20"><span class='ocrx_word' id='word_1_168' title='bbox 132 2650 208 2707; x_wconf 80' lang='lat' dir='ltr'>sirit:</span> <span class='ocrx_word' id='word_1_169' title='bbox 240 2650 304 2706; x_wconf 90' lang='lat' dir='ltr'>dein</span> <span class='ocrx_word' id='word_1_170' title='bbox 326 2649 443 2706; x_wconf 88' lang='lat' dir='ltr'>collecto</span> <span class='ocrx_word' id='word_1_171' title='bbox 464 2648 557 2705; x_wconf 90' lang='lat' dir='ltr'>animo</span> <span class='ocrx_word' id='word_1_172' title='bbox 581 2650 733 2727; x_wconf 88' lang='lat' dir='ltr'>respondit,</span> <span class='ocrx_word' id='word_1_173' title='bbox 754 2671 931 2727; x_wconf 79' lang='lat' dir='ltr'>nequaquam</span> <span class='ocrx_word' id='word_1_174' title='bbox 954 2653 1032 2710; x_wconf 84' lang='lat' dir='ltr'>deco.</span> <span class='ocrx_word' id='word_1_175' title='bbox 1112 2702 1113 2707; x_wconf 73' lang='grc'>,</span> 
     </span>
     <span class='ocr_line' id='line_1_24' title="bbox 128 2754 1028 2831; baseline 0.002 -19"><span class='ocrx_word' id='word_1_176' title='bbox 128 2775 195 2812; x_wconf 87' lang='lat' dir='ltr'>ram</span> <span class='ocrx_word' id='word_1_177' title='bbox 202 2756 311 2831; x_wconf 81' lang='lat' dir='ltr'>padari</span> <span class='ocrx_word' id='word_1_178' title='bbox 327 2775 377 2812; x_wconf 89' lang='lat' dir='ltr'>sao</span> <span class='ocrx_word' id='word_1_179' title='bbox 393 2754 480 2831; x_wconf 73' lang='lat' dir='ltr'>lepore</span> <span class='ocrx_word' id='word_1_180' title='bbox 499 2754 610 2830; x_wconf 78' lang='lat' dir='ltr'>aliquid</span> <span class='ocrx_word' id='word_1_181' title='bbox 628 2766 680 2811; x_wconf 85' lang='lat' dir='ltr'>aat</span> <span class='ocrx_word' id='word_1_182' title='bbox 698 2757 802 2813; x_wconf 82' lang='lat' dir='ltr'>eor&#39;tare</span> <span class='ocrx_word' id='word_1_183' title='bbox 819 2776 855 2813; x_wconf 53' lang='lat' dir='ltr'>ea·¹</span> <span class='ocrx_word' id='word_1_184' title='bbox 868 2777 906 2826; x_wconf 92' lang='lat' dir='ltr'>eo,</span> <span class='ocrx_word' id='word_1_185' title='bbox 928 2759 976 2814; x_wconf 80' lang='lat' dir='ltr'>eal</span> <span class='ocrx_word' id='word_1_186' title='bbox 996 2759 1028 2815; x_wconf 84' lang='lat' dir='ltr'>la</span> 
     </span>
     <span class='ocr_line' id='line_1_25' title="bbox 129 2854 1030 2941; baseline -0.001 -22"><span class='ocrx_word' id='word_1_187' title='bbox 129 2864 293 2919; x_wconf 77' lang='lat' dir='ltr'>universam</span> <span class='ocrx_word' id='word_1_188' title='bbox 314 2862 442 2918; x_wconf 82' lang='lat' dir='ltr'>eaeasarr&#39;</span> <span class='ocrx_word' id='word_1_189' title='bbox 465 2859 566 2917; x_wconf 86' lang='lat' dir='ltr'>mallet.</span> <span class='ocrx_word' id='word_1_190' title='bbox 599 2854 741 2918; x_wconf 84' lang='lat' dir='ltr'>¹Rursum</span> <span class='ocrx_word' id='word_1_191' title='bbox 763 2861 883 2930; x_wconf 90' lang='lat' dir='ltr'>Gallus;</span> <span class='ocrx_word' id='word_1_192' title='bbox 908 2863 1030 2941; x_wconf 88' lang='lat' dir='ltr'>(etenim</span> 
     </span>
     <span class='ocr_line' id='line_1_26' title="bbox 129 2964 1030 3044; baseline 0.002 -21"><span class='ocrx_word' id='word_1_193' title='bbox 129 2966 209 3023; x_wconf 85' lang='lat' dir='ltr'>vultu</span> <span class='ocrx_word' id='word_1_194' title='bbox 229 2966 411 3022; x_wconf 87' lang='lat' dir='ltr'>offensionem</span> <span class='ocrx_word' id='word_1_195' title='bbox 431 2964 653 3041; x_wconf 87' lang='lat' dir='ltr'>conjectaverat)</span> <span class='ocrx_word' id='word_1_196' title='bbox 676 2987 733 3024; x_wconf 82' lang='lat' dir='ltr'>aaa</span> <span class='ocrx_word' id='word_1_197' title='bbox 755 2969 856 3025; x_wconf 81' lang='lat' dir='ltr'>r&#39;dcr&#39;rco</span> <span class='ocrx_word' id='word_1_198' title='bbox 876 2970 1030 3044; x_wconf 70' lang='lat' dir='ltr'>interrepe-</span> 
     </span>
     <span class='ocr_line' id='line_1_27' title="bbox 130 3071 1113 3155; baseline 0.002 -28"><span class='ocrx_word' id='word_1_199' title='bbox 130 3080 199 3138; x_wconf 82' lang='lat' dir='ltr'>ram,</span> <span class='ocrx_word' id='word_1_200' title='bbox 222 3071 270 3138; x_wconf 86' lang='lat' dir='ltr'>ait,</span> <span class='ocrx_word' id='word_1_201' title='bbox 295 3079 327 3127; x_wconf 89' lang='lat' dir='ltr'>at</span> <span class='ocrx_word' id='word_1_202' title='bbox 348 3071 483 3128; x_wconf 77' lang='lat' dir='ltr'>diuideret</span> <span class='ocrx_word' id='word_1_203' title='bbox 501 3091 573 3147; x_wconf 87' lang='lat' dir='ltr'>qaae</span> <span class='ocrx_word' id='word_1_204' title='bbox 592 3073 723 3147; x_wconf 81' lang='lat' dir='ltr'>separari</span> <span class='ocrx_word' id='word_1_205' title='bbox 741 3075 895 3148; x_wconf 77' lang='lat' dir='ltr'>nequirent,</span> <span class='ocrx_word' id='word_1_206' title='bbox 921 3074 971 3130; x_wconf 84' lang='lat' dir='ltr'>sed</span> <span class='ocrx_word' id='word_1_207' title='bbox 998 3083 1031 3129; x_wconf 85' lang='lat' dir='ltr'>at</span> <span class='ocrx_word' id='word_1_208' title='bbox 1112 3138 1113 3155; x_wconf 15' lang='grc' dir='ltr'>ἒ</span> 
     </span>
    </p>
   </div>
   <div class='ocr_carea' id='block_1_5' title="bbox 126 3177 1113 3357">
    <p class='ocr_par' dir='ltr' id='par_1_5' title="bbox 126 3177 1113 3359">
     <span class='ocr_line' id='line_1_28' title="bbox 126 3177 1113 3253; baseline 0.004 -20"><span class='ocrx_word' id='word_1_209' title='bbox 126 3195 179 3233; x_wconf 85' lang='lat' dir='ltr'>aaa</span> <span class='ocrx_word' id='word_1_210' title='bbox 192 3177 360 3251; x_wconf 69' lang='lat' dir='ltr'>eoafissioae</span> <span class='ocrx_word' id='word_1_211' title='bbox 373 3186 536 3252; x_wconf 71' lang='lat' dir='ltr'>aspiceretur</span> <span class='ocrx_word' id='word_1_212' title='bbox 549 3198 641 3235; x_wconf 78' lang='lat' dir='ltr'>auam</span> <span class='ocrx_word' id='word_1_213' title='bbox 654 3198 710 3236; x_wconf 84' lang='lat' dir='ltr'>esse</span> <span class='ocrx_word' id='word_1_214' title='bbox 729 3178 910 3253; x_wconf 78' lang='lat' dir='ltr'>reipublicae</span> <span class='ocrx_word' id='word_1_215' title='bbox 928 3198 1028 3253; x_wconf 68' lang='lat' dir='ltr'>caraea</span> <span class='ocrx_word' id='word_1_216' title='bbox 1112 3232 1113 3237; x_wconf 73' lang='grc'>,</span> 
     </span>
     <span class='ocr_line' id='line_1_29' title="bbox 128 3281 1026 3357; baseline 0.001 -19"><span class='ocrx_word' id='word_1_217' title='bbox 128 3290 208 3356; x_wconf 85' lang='lat' dir='ltr'>atque</span> <span class='ocrx_word' id='word_1_218' title='bbox 231 3282 318 3337; x_wconf 82' lang='lat' dir='ltr'>anias</span> <span class='ocrx_word' id='word_1_219' title='bbox 342 3281 438 3337; x_wconf 79' lang='lat' dir='ltr'>animo</span> <span class='ocrx_word' id='word_1_220' title='bbox 458 3283 632 3357; x_wconf 75' lang='lat' dir='ltr'>rependam:</span> <span class='ocrx_word' id='word_1_221' title='bbox 655 3282 761 3339; x_wconf 82' lang='lat' dir='ltr'>addidit</span> <span class='ocrx_word' id='word_1_222' title='bbox 781 3282 893 3338; x_wconf 87' lang='lat' dir='ltr'>laudem</span> <span class='ocrx_word' id='word_1_223' title='bbox 912 3282 949 3339; x_wconf 90' lang='lat' dir='ltr'>de</span> <span class='ocrx_word' id='word_1_224' title='bbox 963 3283 1026 3339; x_wconf 91' lang='lat' dir='ltr'>Au·</span> 
     </span>
    </p>
   </div>
   <div class='ocr_carea' id='block_1_6' title="bbox 130 3385 1113 3464">
    <p class='ocr_par' dir='ltr' id='par_1_6' title="bbox 130 3385 1113 3464">
     <span class='ocr_line' id='line_1_30' title="bbox 130 3385 1113 3464; baseline 0.004 -22"><span class='ocrx_word' id='word_1_225' title='bbox 130 3394 221 3461; x_wconf 81' lang='lat' dir='ltr'>gusto,</span> <span class='ocrx_word' id='word_1_226' title='bbox 237 3385 436 3462; x_wconf 88' lang='lat' dir='ltr'>Tiberiumque</span> <span class='ocrx_word' id='word_1_227' title='bbox 450 3388 542 3464; x_wconf 89' lang='lat' dir='ltr'>ipsum</span> <span class='ocrx_word' id='word_1_228' title='bbox 562 3387 742 3444; x_wconf 88' lang='lat' dir='ltr'>victoriarum</span> <span class='ocrx_word' id='word_1_229' title='bbox 763 3407 885 3456; x_wconf 85' lang='lat' dir='ltr'>suornm,</span> <span class='ocrx_word' id='word_1_230' title='bbox 900 3408 1028 3464; x_wconf 83' lang='lat' dir='ltr'>quaeque</span> <span class='ocrx_word' id='word_1_231' title='bbox 1112 3460 1113 3463; x_wconf 8' lang='grc' dir='ltr'><strong>Ἴ</strong></span> 
     </span>
    </p>
   </div>
   <div class='ocr_carea' id='block_1_7' title="bbox 128 3489 1025 3567">
    <p class='ocr_par' dir='ltr' id='par_1_7' title="bbox 128 3489 1025 3567">
     <span class='ocr_line' id='line_1_31' title="bbox 128 3489 1025 3567; baseline 0.008 -23"><span class='ocrx_word' id='word_1_232' title='bbox 128 3489 158 3544; x_wconf 92' lang='lat' dir='ltr'>in</span> <span class='ocrx_word' id='word_1_233' title='bbox 177 3498 245 3567; x_wconf 84' lang='lat' dir='ltr'>toga</span> <span class='ocrx_word' id='word_1_234' title='bbox 261 3509 311 3567; x_wconf 91' lang='lat' dir='ltr'>per</span> <span class='ocrx_word' id='word_1_235' title='bbox 329 3498 371 3547; x_wconf 90' lang='lat' dir='ltr'>tot</span> <span class='ocrx_word' id='word_1_236' title='bbox 387 3510 475 3548; x_wconf 89' lang='lat' dir='ltr'>annos</span> <span class='ocrx_word' id='word_1_237' title='bbox 494 3491 607 3567; x_wconf 80' lang='lat' dir='ltr'>egregie</span> <span class='ocrx_word' id='word_1_238' title='bbox 624 3492 746 3561; x_wconf 87' lang='lat' dir='ltr'>fecisset,</span> <span class='ocrx_word' id='word_1_239' title='bbox 767 3492 921 3551; x_wconf 89' lang='lat' dir='ltr'>admonuit.</span> <span class='ocrx_word' id='word_1_240' title='bbox 964 3492 1025 3551; x_wconf 84' lang='lat' dir='ltr'>Nec</span> 
     </span>
    </p>
   </div>
   <div class='ocr_carea' id='block_1_8' title="bbox 0 0 1126 3992">
    <p class='ocr_par' dir='ltr' id='par_1_8' title="bbox 0 0 1126 3992">
     <span class='ocr_line' id='line_1_32' title="bbox 0 0 1126 3992; baseline 0 1"><span class='ocrx_word' id='word_1_241' title='bbox 0 0 1126 3992; x_wconf 95' lang='lat' dir='ltr'> </span> 
     </span>
    </p>
   </div>
  </div>
 </body>
</html>
