2242 3992
152 347 208 406 loo
528 364 676 407 racirus.

148 521 313 560 convenere.
348 501 465 571 Chauci,
479 521 544 559 cum
557 502 661 563 auxilia
674 501 882 579 pollicerentur,
893 502 922 558 in
936 502 1050 560 conmi-

146 607 238 665 litium
255 608 354 666 adsciti
368 616 443 665 sunt.
484 607 639 666 Bructeros
654 628 705 666 sua
717 609 825 666 urentis
840 608 1050 686 expeditarum

146 733 233 770 manu
260 712 296 770 L.
324 712 473 772 Stertinius
500 716 590 772 missu
611 714 774 772 Germanici
801 714 894 772 fudit:
918 714 1053 792 interque

149 817 263 876 caedem
277 826 305 875 et
318 819 451 895 praedam
461 820 584 895 repperit
597 818 823 877 undevicesimae
836 819 954 896 legionis
968 821 1053 897 aqui·

149 921 215 991 lam,
229 943 294 980 cnm
307 922 384 981 Varo
403 925 543 982 amissam.
583 924 711 982 Ductum
723 924 789 982 inde
803 943 904 1002 agmen
924 925 962 982 ad
980 925 1050 983 ulti-

150 1049 212 1087 mos
234 1030 452 1098 Bructerorum
476 1037 667 1107 quantumque
691 1028 831 1085 Amisiam
854 1035 883 1084 et
906 1026 1051 1106 Luppiam

151 1154 248 1193 amnes
270 1135 343 1193 inter
364 1143 513 1204 vastatum,
527 1134 604 1192 haud
623 1134 721 1212 procul
736 1134 973 1210 Teutoburgiensi
993 1134 1051 1192 sal·

151 1249 192 1310 tu,
213 1242 243 1298 in
266 1262 322 1319 quo
340 1242 477 1319 reliquiae
491 1242 560 1300 Vari
580 1241 779 1318 legionumque
799 1241 954 1319 insepultae
975 1241 1051 1300 dice·

151 1347 263 1404 bantur.

193 1452 274 1510 LXI.
313 1453 405 1530 Igitur
429 1452 528 1530 cupido
550 1452 702 1512 Caesarem
724 1452 831 1510 invadit
855 1451 981 1510 solvendi
1003 1471 1050 1509 su·

152 1577 249 1636 prema
262 1557 538 1643 militibusducique,
552 1565 679 1634 permoto
698 1556 735 1613 ad
751 1556 959 1614 miserationem
973 1555 1051 1613 omni

151 1663 200 1740 qui
219 1662 315 1720 aderat
330 1663 463 1731 exercitu,
484 1663 519 1719 ob
539 1662 719 1738 propinquos,
739 1660 852 1728 amicos,
871 1661 993 1738 denique
1013 1662 1050 1719 ob

152 1788 232 1826 casus
246 1768 383 1826 bellorum
397 1776 426 1826 et
439 1775 544 1825 sortem
556 1746 711 1824 bominum.
744 1765 903 1823 Praemisso
918 1766 1050 1836 Caecina,

152 1884 184 1932 ut
198 1876 308 1933 occulta
321 1875 443 1933 saltuum
457 1880 629 1932 scrutaretur
642 1881 796 1949 pontesque
815 1881 844 1930 et
863 1892 982 1950 aggeres
994 1873 1048 1930 hn-

151 1980 228 2037 mido
252 1980 385 2057 paludum
406 1988 434 2036 et
454 1978 600 2036 fallacibus
621 1976 726 2054 campis
746 1976 900 2053 inponeret,
914 1976 1049 2034 incedunt

152 2094 274 2143 maestos
297 2086 374 2143 locos
399 2085 517 2162 visuque
539 2104 574 2142 ac
596 2084 732 2141 memoria
755 2082 904 2140 deformes.
952 2083 1050 2141 Prima

154 2191 224 2249 vari
237 2199 329 2249 eastra
341 2191 399 2248 lato
412 2191 519 2248 ambitu
532 2197 562 2248 et
577 2190 710 2248 dimensis
723 2189 865 2268 principiis
878 2189 966 2246 trium
979 2190 1049 2266 legi-

154 2318 240 2356 onum
262 2318 362 2356 manns
386 2300 583 2367 ostentabant;
607 2297 671 2356 dein
693 2299 827 2356 semiruto
845 2298 928 2368 vallo,
948 2298 1050 2356 humili

151 2403 237 2472 fossa,
258 2403 367 2461 adcisae
387 2404 448 2480 jam
465 2404 599 2480 reliquiae
620 2403 779 2461 consedisse
801 2403 1049 2480 intelligebantur:

152 2508 244 2566 medio
268 2509 361 2586 campi
376 2509 498 2567 albentia
520 2529 593 2577 ossa,
613 2518 646 2567 ut
664 2510 805 2586 fugerant,
826 2518 858 2568 ut
877 2511 1048 2579 restiterant,

153 2614 270 2691 disjecta
295 2612 342 2671 vel
369 2621 525 2690 aggeratur
555 2614 721 2690 adjacebant
746 2614 888 2692 fragmina
914 2616 1046 2685 telorum,

152 2740 343 2798 equorumque
361 2729 448 2789 artus,
468 2719 551 2776 simul
575 2721 682 2777 trrmcis
701 2721 834 2777 arborum
851 2721 974 2779 antefixa
989 2741 1049 2779 ora.

151 2825 238 2883 Lucis
254 2826 417 2904 propinquis
435 2826 572 2882 barbarae
592 2843 666 2894 arae,
680 2824 754 2902 apud
774 2845 844 2902 quas
863 2826 993 2883 tribunos
1012 2846 1047 2884 ae

152 2932 306 3008 primorum
329 2932 459 2989 ordinum
482 2931 659 2988 centuriones
678 2939 888 2990 mactaverant:
908 2939 938 2989 et
958 2931 1047 2989 cladis

152 3037 213 3112 ejus
234 3040 405 3115 superstites,
427 3057 550 3116 pugnam
570 3045 618 3095 aut
638 3038 751 3095 vincula
769 3038 866 3115 elapsi,
885 3037 1047 3097 referebant

150 3142 196 3200 hic
218 3145 343 3201 reddisse
361 3144 480 3220 leporum
502 3143 561 3202 idio
579 3153 677 3219 raptas
698 3143 830 3220 aquilam
845 3146 980 3220 primm
1000 3145 1048 3202 aon·

150 3246 253 3306 aulam
267 3248 294 3306 V
290 3269 339 3306 uro
352 3250 483 3307 Martum
490 3269 504 3315 ,·
520 3250 569 3306 aba·
581 3249 691 3325 infelici
702 3250 798 3307 dextra
808 3260 835 3308 et
846 3269 896 3307 ruo
909 3251 966 3307 ictu
976 3270 1049 3308 mor·

150 3362 205 3409 tem
218 3353 356 3409 inuenerit
364 3375 377 3419 ,·
399 3371 451 3427 quo
471 3352 608 3410 tribunali
627 3354 798 3412 contionatur
809 3355 971 3426 Arminius,
985 3367 1048 3434 μοι

146 3456 276 3533 patibulo
302 3458 427 3531 captivis,
447 3477 519 3532 quoe
541 3458 665 3523 scrobe&
690 3469 773 3535 atqua
792 3462 882 3537 upana
899 3471 926 3520 et
941 3461 1044 3539 aquilia

147 3579 203 3636 per
215 3558 375 3635 superbiam
390 3557 525 3617 ιἰιῐιιιενίτ.
