2242 3992
452 353 627 395 suessoni.
943 336 982 394 '51

89 489 170 546 rione
183 509 217 548 ae
230 490 374 561 militibus,
387 492 445 577 qui,
458 491 495 550 ad
506 491 672 561 tradendum
690 470 986 570 diseiplinam'inmixti

3 612 6 663 ἑ
91 595 250 673 manipulis,
265 593 422 674 exemplum
439 606 468 656 et
485 586 608 656 rectores
626 598 809 671 habebantur,
827 607 885 655 tres
898 588 985 655 libur-

4 716 6 739 2
48 755 51 759 ,
92 699 171 759 niens
198 701 304 783 adaeus
326 721 377 779 per
400 702 457 761 vim
484 702 716 778 gubernatoribus
743 702 929 761 adscendere.
957 714 986 773 et

4 798 6 869 ὲ
91 824 149 862 uno
163 807 341 882 remigrante,
356 809 491 885 suspectis
505 808 614 867 duobus
627 828 718 885 eoque
734 792 897 878 interfectis,
916 829 986 866 ιιοιι-
1019 844 1021 847 ·

4 952 6 995 3
93 910 162 967 dum
189 911 304 989 vulgato
330 930 451 982 rumore,
480 921 512 971 ut
527 915 715 1002 miraculum,
738 914 986 992 praevebebantur.

4 1050 6 1113 i
93 1015 167 1074 Mox
181 1015 235 1074 hae
248 1026 332 1095 atque
345 1017 393 1075 ille
406 1018 487 1094 rapti,
502 1025 531 1074 et
548 1036 614 1074 eum
630 1016 771 1094 plerisque
786 1017 986 1075 Britannorum

4 1140 6 1147 *
118 1141 145 1180 n
170 1121 374 1185 defensantium
399 1122 505 1200 proelio
526 1123 678 1198 congressi,
702 1142 735 1181 ae
755 1142 838 1200 saepe
857 1124 987 1192 victores,

148 1227 245 1287 ‘uando
258 1212 340 1304 pulsi,
355 1248 389 1287 ee
402 1228 439 1285 ad
451 1236 607 1285 extremum
619 1216 728 1306 inopiae
742 1247 852 1296 venere,
865 1237 898 1286 ut
911 1229 988 1286 infir-

141 1333 235 1390 ἰιιιιοι
249 1352 372 1421 suorum,
385 1353 451 1392 mox
464 1341 539 1392 sorta
553 1333 660 1400 ductos,
670 1342 859 1391 vescerentur.
892 1334 989 1410 Atque

94 1439 136 1503 ita
159 1439 337 1516 eneumveeti
362 1439 545 1507 Britanniam,
571 1440 680 1523 amissis
703 1458 753 1516 per
780 1439 918 1497 inscitiam
941 1458 988 1496 re·

16 1569 20 1573 ²
95 1537 192 1620 geddi
194 1545 321 1614 navibus,
335 1564 387 1622 pro
400 1532 586 1623 praedonibus
599 1545 696 1612 habiti,
710 1545 831 1622 primum
849 1565 867 1602 a
881 1544 989 1614 Suevis,

4 1736 5 1743 ἵ
95 1666 161 1749 rnen
185 1649 313 1740 aFrisiis
331 1651 477 1728 intercepti
495 1660 579 1709 sunt:
600 1671 633 1709 ae
650 1651 739 1721 fuere,
762 1670 832 1728 ques
853 1669 903 1727 per
924 1670 989 1708 eon·

94 1728 199 1851 mdrpia
221 1734 414 1839 venumdatos,
437 1768 472 1842 et·
489 1760 519 1835 ιιι
538 1768 663 1835 uestram
683 1778 773 1836 usque
791 1759 881 1836 ripam
900 1768 990 1815 muta·

4 1914 6 1929 2
95 1866 172 1925 tione
193 1866 346 1923 ementium
369 1833 511 1964 adductos,
539 1865 673 1960 indicium
698 1865 770 1922 tanti
797 1884 876 1922 nasus
903 1864 989 1920 inlus·

4 1974 5 2031 ζ
97 1972 192 2029 travit.
322 2004 326 2015 ι

4 2042 5 2051 i
138 2075 252 2137 XXIX.
292 2074 376 2133 Initio
396 2076 508 2134 aestatis
533 2075 678 2152 Agricola,
700 2074 851 2161 domestico
875 2073 990 2130 vulnere

99 2181 179 2259 intus,
193 2199 269 2241 anno
282 2188 348 2245 ante
360 2189 458 2239 natum
470 2180 559 2237 filium
574 2180 676 2237 amisit.
716 2179 809 2243 Quem
829 2197 924 2236 ιιιιιιιι
942 2197 991 2257 ne·

96 2305 161 2362 qus,
175 2293 208 2342 ut
225 2285 351 2383 plerique
368 2285 485 2343 fortium
504 2285 637 2353 virorum,
657 2283 812 2355 ambitiose,
833 2250 924 2361 neque
942 2303 993 2360 per

4 2402 5 2411 ³
98 2369 222 2451 lineata
244 2409 342 2449 rursus
366 2409 400 2447 ae
425 2408 582 2471 maerorem
607 2388 781 2473 muliebriter
807 2388 888 2456 tulit;
912 2388 993 2445 etin

4 2532 5 2549 ι
99 2494 178 2559 luam
209 2494 315 2567 bellum
345 2495 419 2555 inter
449 2494 573 2553 remedia
601 2503 670 2551 erat.
724 2492 815 2570 Igitur
841 2493 993 2570 praemissa

4 2592 6 2599 ’
98 2600 197 2668 alasse,
219 2618 291 2680 quae
310 2600 437 2677 pluribus
456 2599 525 2656 loeis
545 2598 678 2698 praedata
698 2617 831 2674 magnum
854 2598 910 2654 et
902 2616 992 2654 meer-

96 2714 160 2767 tum
171 2713 309 2763 terrorem
322 2704 437 2785 faeeJet,
451 2703 579 2781 expedito
592 2703 724 2772 exercitu,
739 2703 783 2759 eui
801 2720 836 2758 es
850 2700 992 2759 Britannis

95 2809 266 2877 fortissimos
285 2817 314 2867 et
330 2793 416 2885 longa
434 2827 502 2886 paee
522 2802 679 2898 exploratos
697 2806 850 2874 addiderat,
864 2805 900 2875 ad
913 2816 992 2863 mon-

95 2924 157 2973 tem
177 2902 343 2991 Grampium
363 2913 501 2992 pervenit,
522 2932 607 2990 quem
623 2912 684 2988 jam
706 2904 802 2967 hostes
825 2910 994 2968 insederant

99 3019 178 3105 Nam
200 3018 338 3100 Britanni,
362 3015 433 3076 nihil
454 3018 538 3075 iraoti
564 3036 676 3094 pugnae
702 3016 802 3093 prioris
830 3025 941 3084 eventu,
966 3025 994 3072 et

95 3129 235 3226 ultionem
258 3137 308 3186 aut
333 3128 478 3187 servitium
502 3135 704 3204 exspectantes,
727 3124 896 3201 tandemque
920 3125 1018 3182 docti»

97 3218 248 3303 ιοιιιιιιιιιιιι
266 3234 421 3312 perieulum
442 3232 590 3291 eoncordia
609 3230 836 3329 propulsandum,
849 3229 995 3307 legationi·

97 3342 155 3399 bus
178 3348 208 3398 et
220 3339 389 3423 foederibus
413 3339 537 3396 omnium
562 3336 706 3431 civitatum
728 3336 802 3393 vires
826 3335 994 3392 exciverunt.

97 3446 222 3531 Jamque
246 3462 330 3521 super
347 3445 463 3520 triginta
480 3442 558 3499 milia
575 3416 745 3499 armatorum
763 3418 993 3516 adspiciebantur,

96 3560 129 3609 et
146 3548 238 3609 adhue
255 3547 395 3611 adfluebat
417 3548 507 3606 omnis
532 3547 676 3623 juventus,
690 3554 719 3602 et
738 3543 839 3620 quibus
857 3540 943 3599 crude
961 3558 994 3596 ae
