2242 3992
61 345 64 352 ·
143 318 182 377 58
221 324 223 327 ’
519 337 666 379 asemas.

145 468 253 531 Passim
273 491 351 535 arma
368 483 396 533 et
417 495 534 554 corpora
554 484 583 535 et
602 476 687 535 laceri
708 486 788 536 artus
806 487 835 536 et
854 489 970 537 cruenta
984 480 1041 538 hu·

143 596 215 637 mus.
256 578 309 639 Est
332 580 482 658 aliquando
503 582 587 643 ctiam
605 582 686 641 victis
710 583 752 640 ira
775 582 938 660 virtusque:
962 592 1041 660 post·
1113 636 1114 639 ,

144 702 228 760 quam
252 685 329 743 silvis
356 688 622 766 adpropinquanmt,
646 688 765 749 conlecti
788 691 893 767 primos
920 709 1045 863 sequen-q

144 793 224 863 tium,
252 795 379 855 incautos
410 805 438 854 et
469 798 631 857 locorum
622 817 745 874 ignaros,
774 799 914 856 circumve

146 903 259 968 Quodni
281 903 416 981 frequens
437 906 541 982 ubique
560 906 697 982 Agricola
719 907 825 965 validas

146 1008 283 1078 cobortes,
300 1010 438 1086 indaginis
458 1010 550 1080 modo,
572 1019 609 1080 et,
628 1013 718 1070 sicubi
736 819 1041 1082 ιιοιιοιιβζιιιιιιιι,ειη
976 1033 1041 1091 par

144 1125 202 1174 tem
218 1117 352 1194 equitum,
371 1117 491 1176 dimissis
510 1118 599 1194 equis,
618 1117 701 1174 simul
719 1119 838 1175 rariores
857 1117 941 1174 silvas
961 1117 1042 1193 equi-

115 1295 119 1301 ἱ
145 1231 203 1283 teau
226 1210 381 1303 persultare
399 1224 537 1300 jussisset,
562 1232 706 1302 acceptum
729 1224 843 1301 aliquod
864 1223 967 1280 vulnus
990 1241 1042 1299 per
1113 1236 1114 1245 ¹

145 1327 260 1393 nimiam
273 1305 411 1385 ιιιιιιιιιιι]
416 1328 500 1385 foret
542 1328 685 1397 Ceterum,
699 1329 748 1389 ubi
767 1328 934 1405 compositos
952 1327 1042 1385 firmis

147 1432 290 1493 ordinibus
306 1434 385 1510 sequi
399 1452 496 1493 rursus
510 1433 636 1503 videre,
628 1454 658 1491 m
675 1435 773 1510 fugam
786 1435 869 1502 versi,
883 1453 939 1490 non
953 1432 1042 1508 agmi-
1077 1416 1088 1485 l

146 1538 228 1596 nibus
252 1546 283 1595 ιιι
310 1540 396 1617 prius,
423 1560 476 1598 nec
503 1540 574 1599 alius
602 1542 688 1600 alium
711 1551 909 1621 respectantes,
933 1542 990 1599 rari
1014 1550 1043 1601 et

146 1645 290 1703 vitabundi
311 1647 432 1706 invicem
448 1648 602 1727 longinqua
618 1658 702 1727 atque
721 1651 784 1707 avia
804 1649 918 1726 petiere.
962 1646 1041 1705 Finis

147 1750 281 1827 sequendi
293 1760 392 1809 noret
406 1754 519 1811 satietas
531 1754 596 1833 fuit.
627 1754 729 1833 &Caesa
746 1754 869 1812 hostium
890 1753 926 1810 ad
943 1752 1042 1810 decem

146 1860 240 1918 milia:
273 1869 434 1919 nostrorum
457 1838 589 1919 trecenti
599 1856 744 1939 sexaginta
770 1862 933 1933 cecidere,
925 1882 955 1921 ιιι
978 1862 1042 1938 quis

148 1968 241 2029 Aulus
264 1970 387 2039 Atticus,
410 1970 568 2047 praefectus
596 1969 728 2105 cohortis,
748 1970 868 2047 juvenili
890 1970 990 2028 ardore
1013 1979 1043 2037 et

146 2076 251 2136 ferocia
264 2097 329 2155 equ1
320 2078 468 2137 hostibus
482 2069 646 2136 inlatus
708 2090 714 2100 ²
816 2084 895 2139 isar·
927 2098 929 2105 ’
954 2082 985 2099 “
1016 2042 1071 2094 Γ

187 2185 359 2244 XXXVIII.
401 2186 439 2243 Et
457 2205 513 2249 nos
505 2186 647 2289 quidem
663 2182 767 2285 gaudio
786 2166 944 2262 praedaque
968 2184 1044 2247 laeta

147 2289 318 2349 victoribus:
339 2290 468 2349 Britanni
485 2267 621 2371 palantes,
639 2266 782 2367 mixtoque
800 2291 925 2348 virorum
943 2288 1045 2346 mulie·

148 2411 266 2469 rumque
292 2394 411 2470 ploratu,
439 2394 551 2453 trahere
578 2394 748 2471 vulneratos,
776 2412 877 2455 vocare
908 2394 1045 2468 integros,

148 2499 276 2561 deserere
300 2501 397 2563 domos
420 2523 453 2561 ac
480 2505 625 2582 perirem
648 2504 723 2561 ultro
747 2503 913 2583 incendere3
939 2501 1046 2576 eligere

147 2612 268 2677 latebras
288 2620 317 2669 et
337 2613 431 2668 statim
451 2611 611 2689 relinquere
622 2610 669 2681 ;v
649 2613 767 2679 miscere
787 2613 907 2668 invicem
928 2610 1047 2668 consilia

147 2715 249 2792 aliqua,
268 2716 332 2773 dein
351 2735 497 2793 separare;
516 2716 668 2793 aliquando
685 2716 780 2792 frangi
798 2715 971 2829 adspectu'
922 2734 1056 2819 pagum.

148 2842 211 2880 rum
230 2840 351 2892 suorum,
367 2824 476 2901 saepius
497 2823 649 2881 concitari:
670 2824 793 2899 satisque
815 2773 969 2912 constabat,
984 2840 1047 2878 sae-

148 2928 223 2984 visse
236 2927 393 3004 quosdam
385 2947 415 2984 ιι]
428 2928 563 3004 conjuges
582 2947 615 2985 ac
634 2927 748 2996 liberos,
767 2894 911 3003 tamquani
928 2925 1047 2981 misere-

148 3041 254 3090 rentur.
295 3034 444 3092 Proximus
465 3035 523 3093 dies
543 3034 645 3093 faciem
663 3035 797 3092 victoriae
814 3034 897 3097 latius
916 3032 1047 3110 aperuit:

149 3144 259 3194 ιιειιιιιι
278 3140 383 3216 ubique
402 3140 552 3210 silentium,
567 3140 667 3197 secreti
688 3138 783 3207 colles,
796 3137 934 3195 fumantia
947 3136 1049 3213 procul
1113 3166 1114 3171 ι

149 3251 231 3311 tecta,
255 3263 338 3302 nemo
361 3246 583 3323 exploratoribus
607 3247 723 3304 obviusz
752 3246 884 3323 quibua
876 3265 906 3302 m
933 3263 1047 3301 omnem

149 3357 258 3426 partem
279 3350 408 3420 dimissis,
429 3353 478 3411 ubi
501 3354 609 3465 incerta
629 3354 714 3447 fugae
738 3354 865 3429 vestigia,
885 3369 977 3429 neqpe
999 3371 1048 3407 us·

151 3474 234 3530 quam
248 3455 410 3531 conglobari
424 3456 519 3514 hostes
530 3432 712 3535 campermm,
721 3468 750 3515 et
763 3459 925 3534 exactajam
939 3465 1048 3514 aestate

151 3583 244 3640 spargi
235 3564 365 3623 bellum
388 3566 558 3642 nequibat‘
550 3583 580 3622 ιι]
598 3566 669 3622 fines
684 3565 893 3659 Horestorum
892 3560 1048 3618 exercitum
1113 3590 1114 3593 ι
