2242 3992
373 384 550 427 Anaunion
572 385 669 427 urana
690 388 712 427 1.
949 367 989 426 99

135 517 171 576 L.
212 519 302 591 Laeti,
325 542 415 600 neque
443 523 550 601 procul,
576 524 712 584 Germani
741 526 892 602 agitabant,
921 525 988 583 dum

85 623 201 702 justitio
215 627 251 683 ob
266 629 400 686 amissum
411 630 574 706 Augustum
589 639 652 707 post
662 631 807 688 discordiis
821 631 988 689 adtinemur.

89 731 136 787 At
154 730 301 789 Romanus
321 734 433 809 agmine
451 752 570 811 propero
590 734 689 793 silvam
708 736 837 794 Caesiam
859 735 988 793 limitem·

84 855 149 913 que
172 857 192 894 a
206 838 320 896 Tiberio
336 849 466 917 coeptum
487 840 609 908 scindit3
628 850 720 899 castra
739 841 769 898 in
788 841 876 898 limite
895 842 988 910 locat;

86 941 217 999 frontem
230 963 263 1000 nc
274 952 387 1020 tergum
395 945 478 1015 vallo,
487 944 576 1002 latera
589 945 773 1003 concaedibus
785 947 885 1004 munit.
918 945 989 1003 Inde

87 1046 182 1105 saltus
197 1049 330 1106 obscuros
343 1058 476 1127 permeat,
490 1050 693 1128 consultatque,
707 1072 740 1110 ee
759 1052 863 1109 daobae
881 1054 990 1110 itineri·

88 1152 144 1210 hae
156 1153 235 1211 breve
253 1165 280 1212 et
295 1154 405 1212 solitam
418 1165 557 1232 aequatur,
571 1175 610 1213 aa
629 1157 781 1232 inpeditius
799 1167 824 1214 et
843 1158 989 1233 intempta-

90 1268 163 1329 tam,
189 1279 271 1336 eoqae
291 1261 409 1318 hostiles
433 1262 587 1319 incautam.
642 1261 763 1320 Delecta
784 1262 911 1339 longiore
934 1263 989 1332 via,

91 1344 188 1424 cetera
207 1367 420 1453 adceleranturt
441 1369 546 1426 etenim
559 1369 717 1428 adtulerant
731 1371 919 1449 exploratores
923 1372 987 1446 fea·

92 1481 153 1529 tam
165 1493 230 1530 eam
246 1474 398 1532 Germanic
410 1485 514 1532 noctem
528 1496 562 1533 ao
573 1475 729 1535 soleaaa'baa
738 1478 828 1554 apalis
840 1478 989 1536 ludicram.

89 1579 220 1639 Caecina
240 1600 305 1638 cum
325 1580 461 1658 expeditis
482 1579 643 1638 cohortibus
663 1578 780 1656 praeire,
802 1588 831 1636 et
851 1581 991 1638 obstantia

93 1685 230 1743 silvarum
247 1685 356 1743 amoliri
368 1686 501 1763 jubetur:
520 1684 645 1761 legiones
658 1685 768 1743 modico
781 1685 929 1743 intervallo
947 1706 991 1743 se·

93 1799 230 1867 quuntur.
267 1790 349 1849 ,Iuvit
364 1809 420 1847 nox
440 1790 578 1847 sideribus
598 1788 746 1848 inlustris:
763 1798 934 1867 ventumque
954 1791 991 1848 ad

92 1896 170 1954 vicos
184 1896 356 1965 Marsorum,
378 1904 408 1953 et
427 1896 614 1953 circumdatae
634 1896 777 1964 stationes,
790 1897 885 1953 stratis
905 1897 990 1953 etiam

91 2010 153 2059 tum
176 2020 231 2079 per
254 2002 357 2060 cubilia
380 2009 548 2078 propterque
571 2020 691 2070 mensas,
714 2001 792 2058 nullo
818 2009 904 2069 metu,
931 2021 990 2058 non

91 2108 256 2186 antepositis
270 2107 382 2183 vigiliis.
422 2106 505 2164 Adeo
525 2113 627 2164 cuncta
646 2106 753 2163 incuria
769 2106 885 2182 disjecta
900 2116 989 2176 erant,

93 2232 187 2290 neque
202 2213 271 2271 belli
289 2214 391 2281 timor3
411 2233 444 2271 nc
463 2232 500 2270 ne
519 2232 573 2290 pax
593 2211 716 2290 quidem,
735 2213 790 2270 nisi
810 2212 942 2289 languida
961 2221 990 2270 et

91 2319 193 2388 soluta,
207 2319 282 2376 inter
293 2317 472 2377 temulentos.
855 2376 857 2379 ,

139 2423 194 2482 LI.
246 2423 351 2481 Caesar
371 2422 467 2481 avidas
494 2421 628 2499 legiones,
655 2442 712 2500 quo
738 2422 821 2481 latior
847 2424 989 2501 populatio

89 2527 176 2597 foret,
204 2536 337 2605 quattuor
357 2529 387 2585 in
409 2547 512 2585 cuneos
534 2528 678 2604 dispertit:
701 2530 904 2606 quinquaginta
926 2529 990 2587 rnil-

90 2633 161 2691 lium
185 2634 307 2711 spatium
329 2634 407 2691 ferro
430 2633 604 2710 flammisque
629 2641 789 2710 pervastat:
819 2651 877 2689 non
898 2652 989 2700 sexuS,

91 2758 150 2796 non
163 2746 241 2796 aeas
255 2738 462 2796 miserationem
481 2736 600 2806 adtulit3
619 2737 738 2814 profana
758 2736 841 2794 simul
860 2744 889 2794 et
909 2756 989 2793 sacra

89 2852 120 2902 et
133 2844 347 2903 celeberrimum
364 2844 420 2901 illis
438 2845 568 2920 gentibus
584 2843 728 2921 templum,
742 2842 818 2920 quod
835 2843 990 2918 Tanfanae

91 2949 238 3018 vocabant,
260 2949 320 3006 solo
340 2958 514 3026 aequantur:
535 2950 595 3006 sine
614 2948 731 3006 vulnere
750 2947 861 3016 milites,
876 2948 925 3025 qui
945 2967 988 3005 se-

90 3055 255 3123 misomnos,
268 3055 399 3124 inermos,
414 3063 462 3112 aut
479 3055 599 3133 palantis
617 3053 783 3111 ceciderant.
824 3053 937 3111 Excivit
955 3044 989 3111 ea'

89 3160 191 3219 caedes
216 3159 376 3229 Bructeros,
402 3160 555 3229 Tubantes,
581 3159 732 3235 Usipetes;
762 3158 914 3235 saltusque,
938 3178 989 3235 per

87 3283 161 3342 quos
181 3267 317 3323 exercitui
333 3286 487 3344 regressus,
507 3266 652 3323 insedere:
673 3265 748 3343 quod
765 3285 884 3341 gnarum
906 3265 990 3333 duci;

89 3373 261 3448 incessitque
275 3372 368 3429 itineri
381 3379 410 3429 et
423 3371 538 3449 proelio.
568 3370 638 3429 Pars
648 3371 773 3447 equitum
786 3378 815 3428 et
828 3369 988 3427 auxiliariae

88 3475 222 3534 cohortes
246 3473 394 3545 ducebant,
423 3494 489 3531 mox
508 3476 599 3553 prima
614 3474 698 3550 legio,
719 3484 747 3533 et
769 3474 867 3531 mediis
881 3472 987 3549 inpedi-

86 3579 193 3638 mentis
207 3578 350 3637 siuistrum
363 3580 436 3638 latus
449 3580 703 3648 unaetvieesimani,
719 3580 847 3637 dextrum
860 3577 987 3653 quintani
