2242 3992
149 341 188 397 50
520 353 666 395 racrros.

188 493 299 560 XXVI.
340 493 425 557 Quod
448 492 496 550 ubi
519 493 662 568 cognitum
685 490 768 559 hosti,
791 499 898 548 mutato
924 499 1043 568 repente

149 598 272 667 oonsilio,
285 598 525 681 universilnonam
537 591 685 673 legionem,
699 582 863 652 ut‘'maxime
878 594 1044 685 invalidam,

148 712 231 762 nocte
253 703 386 780 adgressi,
410 704 483 760 inter
506 721 636 759 somnum
659 720 692 759 ac
715 700 928 778 trepidationem
952 705 1044 761 caesis

150 808 289 885 vigilibus,
303 809 446 885 inrupere.¹
480 807 602 884 Jamque
620 806 649 862 in
669 806 736 883 ipsis
755 806 857 871 castris
870 809 1041 887 pugnabant

150 933 215 971 cum
235 896 375 990 Agricola
393 913 448 969 iter
470 910 594 968 hostium
617 909 653 967 ab
680 898 900 987 exploratoribus
927 912 1037 981 edoctus

111 1064 112 1067 η
151 1026 180 1076 et
198 1017 323 1094 vestigiis
343 1018 494 1084 insecutus,
511 1015 701 1073 velocissimos
719 1015 844 1097 equitum
862 1016 1037 1095 peditumqm

151 1122 290 1180 adsultare
316 1123 404 1198 tergis
430 1122 615 1199 pugnantium
639 1120 728 1199 jubpt,
752 1139 817 1177 mox
844 1122 879 1179 ab
902 1123 1012 1180 univer.
1111 1200 1113 1209 Ι

151 1228 235 1311 adjici
256 1229 423 1293 clamorem:
448 1236 477 1299 et
496 1227 653 1304 propinqua
671 1226 734 1301 luce
753 1226 858 1309 firlsere
878 1228 989 1307 sigpap
1005 1262 1020 1283 n

151 1334 266 1419 ancipiti
278 1333 352 1427 malo
362 1332 453 1391 territi
467 1332 616 1400 Britanni;
636 1340 664 1390 et
679 1331 815 1392 Romanis
832 1333 905 1391 redit
924 1335 1003 1392 anisi.
1021 1382 1050 1423 ,ι

152 1459 194 1506 ao,
216 1439 306 1497 securi
325 1458 377 1516 pro
395 1437 493 1505 salute,
513 1437 547 1494 de
567 1437 658 1513 gioria
677 1438 830 1496 certabant.
871 1439 956 1498 Ultro
977 1442 1049 1518 quin

153 1545 237 1625 etiam
250 1523 398 1624 inrupere}
418 1551 447 1600 et
463 1543 518 1600 fuit
535 1550 615 1599 atrox
629 1543 658 1598 in
672 1542 739 1619 ipsis
752 1552 896 1619 portarurn
909 1533 1050 1621 angustiis

152 1649 401 1733 proeliumpldonec
413 1649 487 1726 pulsi
500 1647 613 1715 hostes3
632 1657 752 1724 utroque
771 1648 894 1706 exercitu
913 1658 1049 1722 certante,

155 1754 210 1824 his,
223 1734 255 1811 ut
272 1754 370 1811 tulisse
382 1772 473 1831 opem,
491 1753 556 1821 iliis,
575 1772 612 1810 ne
630 1753 741 1829 eguisse
758 1754 861 1811 auxilio
878 1754 1052 1815 viderentur.

156 1859 294 1923 Quodnisi
311 1860 427 1938 paludes
438 1848 477 1917 ¹et
499 1859 585 1917 silvae
603 1860 742 1937 fugientes
760 1861 903 1931 texissent,
926 1862 1051 1921 debella·

155 1973 215 2054 trun
229 1966 277 2023 illa
290 1956 407 2029 victoria
418 1965 502 2023 foret.

196 2071 323 2129 XXVII.
364 2071 454 2148 Cujus
474 2071 630 2129 constantia
649 2091 682 2129 ac
701 2072 788 2147 fama
799 2072 878 2130 ferox
899 2075 1049 2143 exercitus,

156 2177 231 2236 nihil
250 2178 348 2242 vineti
373 2196 441 2235 suae
466 2178 602 2245 inviam
625 2179 832 2253 penetrandam
856 2179 1049 2251 Caledoniam,

158 2285 410 2359 inveniendamque
430 2286 542 2361 tandem
555 2285 728 2345 Britanniae
747 2289 900 2346 terminum
919 2258 1050 2349 mana}

152 2388 325 2466 proeliorum
345 2408 438 2458 mrsu,
457 2374 634 2449 fremebant:
654 2399 739 2467 atque
758 2392 800 2448 illi
817 2390 901 2450 modo
921 2395 994 2453 cauti
1013 2396 1061 2453 ac'

158 2494 306 2572 sapientes,
329 2493 450 2571 prompti
472 2502 536 2570 post
555 2502 687 2553 eventurn
708 2471 741 2554 ao
760 2499 931 2576 magniloqui
951 2511 1051 2561 erant:

159 2599 332 2676 iniquissima
344 2597 414 2656 haec
426 2596 565 2657 bellorum
578 2599 699 2679 conditio
718 2610 779 2669 est;
798 2622 933 2681 prospera
951 2610 1053 2663 omnes

160 2706 212 2764 sibi
225 2705 375 2774 vindicant,
389 2703 507 2767 adversa
519 2705 569 2785 uni
584 2706 755 2782 inputanmr.
796 2709 837 2766 At
851 2708 979 2767 Britanni
992 2728 1055 2768 non

160 2813 272 2881 virtute,
294 2811 344 2873 sed
364 2810 511 2883 obcasione
532 2818 561 2867 et
580 2818 641 2868 arte
660 2811 738 2869 ducis
757 2814 819 2882 rati,
832 2813 904 2871 nihil
916 2834 950 2872 ex
968 2816 1056 2873 adro-

161 2917 257 2994 gantia
276 2917 425 2984 remittere,
443 2934 499 2992 quo
517 2915 609 2973 minus
624 2914 801 2992 juventutem
819 2928 967 2990 armarent,
985 2908 1059 2979 eoir-

158 3023 242 3098 juges
263 3042 296 3079 ao
318 3022 422 3079 liberos
444 3022 474 3081 in
493 3021 556 3079 loca
578 3029 639 3078 tuta
659 3023 852 3092 transferrent,
873 3027 997 3083 coetibus
1019 3028 1061 3086 irc

163 3126 303 3186 sacrificiis
321 3126 554 3203 conspirationem
572 3126 716 3189 civitatum
734 3130 892 3188 sancirent:
912 3140 997 3209 atque
1015 3134 1060 3192 ita

163 3231 282 3290 inritatis
296 3232 435 3308 utrimque
448 3231 546 3291 animis
559 3230 721 3291 discessum.

219 3334 361 3395 XXVIII.
411 3334 519 3393 Eadem
544 3344 651 3402 aestate
677 3337 777 3396 cohors
805 3340 976 3418 Usipiorum,
1007 3361 1062 3420 per

167 3442 333 3504 Germanias
353 3439 518 3516 conscripta,
539 3439 569 3495 in
590 3438 764 3500 Britanniam
786 3444 958 3513 transmissa,
978 3463 1062 3521 mag·

165 3568 234 3606 num
256 3567 290 3606 ac
312 3543 491 3604 memorabile
513 3543 624 3601 facinus
646 3564 714 3603 ausa
736 3555 788 3604 est.
839 3548 944 3607 Occiso
959 3557 1058 3607 oeram-
1093 3585 1095 3591 ·
