2242 3992
365 423 541 467 aureamin
562 424 659 466 arnan
679 426 701 466 1.
920 405 975 465 1⁰1

78 556 170 635 longa
181 561 308 636 peremit,
322 560 470 620 obscuram
481 563 545 621 fore
556 583 655 621 necem
668 562 871 641 longinquitate
888 559 979 619 exsilii

79 671 172 723 ratus.
211 665 270 724 Par
292 687 378 725 causa
401 669 533 726 saevitiae
551 670 583 728 in
597 669 792 747 Sempronium
806 666 979 734 Gracchum,

77 771 131 848 qui
153 771 264 829 familia
285 774 381 843 nobili,
406 774 505 832 sollers
527 776 641 853 ingenio
668 784 697 833 et
718 795 805 853 prave
829 772 977 840 facundus

78 876 200 934 eandem
213 877 319 936 Juliam
331 880 363 936 in
374 881 552 939 matrimonio
565 880 610 940 M.
624 881 769 959 Agrippae
785 886 978 938 temeraverat.

8 964 9 967 ‘
82 978 146 1039 nec
166 983 191 1039 is
210 982 319 1042 libidini
336 984 420 1053 finii;
438 985 571 1043 ninom
585 987 700 1044 rinei-10
719 988 849 1063 pervicax
869 984 978 1043 iiiior

78 1089 258 1146 contumacia
270 1097 299 1146 et
313 1090 383 1147 odiis
397 1091 426 1147 in
443 1092 576 1148 maritum
593 1090 784 1151 adtendebat:
803 1092 977 1166 litteraeque,

81 1212 151 1268 quas
165 1192 245 1251 Julia
257 1195 329 1271 patri
343 1196 476 1272 Augusto
494 1215 559 1253 cum
576 1197 758 1254 insectatione
772 1195 877 1253 Tiberii
891 1194 978 1269 scrip·

81 1298 125 1367 sit,
145 1318 166 1355 a
180 1298 310 1356 Graccho
331 1301 491 1376 conpositae
514 1301 708 1363 credebantur.
755 1302 847 1379 Igitur
867 1307 977 1358 amotus

84 1403 241 1473 Cercinam,
267 1404 360 1462 Africi
382 1406 467 1463 maris
494 1406 623 1475 insulam,
647 1407 870 1484 quattuordecim
896 1405 978 1462 annis

83 1508 211 1567 exsilium
224 1508 363 1568 toleravit.
404 1511 485 1568 Tunc
503 1512 606 1569 mihtes
623 1511 661 1570 ad
678 1511 792 1570 caedem
808 1511 886 1568 missi
899 1511 977 1567 inve·

81 1633 149 1673 nere
174 1616 204 1672 in
228 1616 398 1693 prominenti
419 1617 531 1687 littoris,
546 1617 618 1674 nihil
640 1618 744 1675 laetum
768 1617 975 1694 opperientem:

83 1739 202 1796 quorum
216 1721 339 1781 adventu
352 1723 429 1781 breue
448 1733 556 1800 tempus
568 1724 677 1801 petivit,
691 1734 724 1781 act
742 1742 874 1799 supremo
893 1742 976 1779 mon·

84 1826 147 1885 dcto
179 1830 263 1885 amori
289 1828 427 1889 Alliariae
448 1850 504 1905 per
529 1830 634 1888 litteras
668 1832 756 1898 daret,
784 1829 975 1903 cervicemque

87 1933 293 2007 percussoribus
321 1934 430 2004 obtulit,
452 1935 609 1993 constantia
627 1933 725 1990 mortis
745 1932 821 1990 haud
843 1931 975 2008 indignus

89 2033 249 2114 Sempronio
271 2039 401 2106 nomine;
428 2039 487 2096 vita
507 2038 734 2114 degeneraverat.
776 2036 898 2101 Quidam
917 2055 974 2093 non

88 2139 175 2200 Roma
200 2163 249 2200 eos
276 2143 387 2212 milites,
415 2142 465 2199 sed
490 2143 525 2200 ab
552 2142 589 2199 L.
613 2143 782 2219 Asprenate,
809 2142 976 2219 proconsule

89 2246 206 2316 Africae,
229 2248 330 2305 missos
351 2247 499 2316 tradidere,
523 2256 636 2305 anctore
656 2248 779 2317 Tiberio,
800 2249 849 2324 qui
869 2248 974 2306 famam

89 2351 173 2408 caedis
186 2372 268 2428 posse
282 2353 311 2408 in
326 2352 512 2428 Asprenatem
527 2354 600 2409 verti
611 2352 718 2410 fnrstra
731 2363 899 2430 speraverat.

127 2455 201 2515 LIV.
242 2457 322 2515 Idem
336 2477 425 2514 annus
444 2477 531 2514 novas
553 2457 733 2514 caerimonias
748 2457 865 2534 adcepit,
879 2459 972 2517 addito

8 2582 10 2643 ;
91 2560 217 2619 sodalium
232 2563 432 2638 Augustalium
447 2562 610 2631 sacerdotio,
624 2570 656 2619 ut
669 2563 810 2639 quondam
824 2564 859 2620 T.
874 2565 973 2622 Tatius

8 2684 10 2717 ;
90 2666 231 2724 retinendis
255 2667 421 2726 Sabinorum
444 2667 529 2725 sacris
557 2667 666 2725 sodales
689 2668 780 2726 Titios
806 2669 972 2727 instituerat.

95 2767 167 2828 Sorte
180 2771 255 2829 ducti
269 2792 286 2829 e
300 2773 469 2848 primoribus
484 2772 603 2830 civitatis
617 2791 689 2829 unus
706 2780 734 2829 et
750 2773 869 2849 viginti:
889 2773 972 2830 Tibe-

8 2892 9 2947 }
92 2873 141 2932 rius
154 2875 321 2953 Drususque
342 2885 370 2934 et
385 2876 519 2934 Claudius
540 2885 568 2933 et
588 2875 773 2935 Germanicus
793 2876 971 2951 adjiciuntur.

92 2976 177 3038 Indos
191 2982 364 3060 Augustales
383 2990 451 3039 tunc
469 2982 589 3059 primum
606 2990 717 3057 coeptos
730 2981 854 3038 turbavit
867 2981 972 3041 discor·

8 3146 9 3151 ἵ
92 3081 132 3142 dia
148 3106 179 3146 ex
198 3089 348 3147 certamine
366 3087 552 3145 histrionum:
573 3086 727 3143 indulserat
745 3087 771 3143 ei
788 3086 896 3144 ludicro
910 3090 971 3146 Au-

8 3184 10 3245 l
93 3202 189 3265 gustus,
212 3195 280 3253 dum
301 3195 463 3254 Maecenati
487 3195 659 3270 obtemperat
683 3193 772 3250 effuso
795 3193 824 3248 in
848 3213 972 3252 amorem

8 3284 10 3361 J
94 3293 226 3377 Bathylli:
244 3320 335 3377 neque
348 3301 408 3378 ipse
421 3298 590 3356 abhorrebat
603 3297 705 3355 talibus
724 3297 831 3367 studiis,
846 3307 875 3355 et
893 3299 973 3356 civile

96 3401 197 3461 rebatur
208 3406 320 3464 misceri
332 3405 522 3482 voluptatibus
536 3403 624 3480 vulgi.
654 3403 722 3460 Aha
736 3403 850 3460 Tiberio
863 3423 972 3460 morum

8 3532 10 3557 z
96 3503 152 3566 via:
170 3509 216 3566 sed
236 3510 378 3588 populum,
392 3528 442 3587 per
459 3516 502 3566 tot
519 3528 607 3566 annos
620 3508 742 3566 molliter
755 3507 890 3577 habitum,
902 3525 973 3565 non-

95 3605 154 3669 dum
165 3615 280 3674 audebat
292 3614 329 3677 ad
343 3614 455 3673 duriora
467 3621 587 3673 vertere.

800 3730 821 3768 ι(
835 3714 855 3767 3
