<?xml version="1.0" encoding="UTF-8"?>
<!DOCTYPE html PUBLIC "-//W3C//DTD XHTML 1.0 Transitional//EN"
    "http://www.w3.org/TR/xhtml1/DTD/xhtml1-transitional.dtd">
<html xmlns="http://www.w3.org/1999/xhtml" xml:lang="en" lang="en">
 <head>
  <title>
</title>
<meta http-equiv="Content-Type" content="text/html;charset=utf-8" />
  <meta name='ocr-system' content='tesseract 3.04.00' />
  <meta name='ocr-capabilities' content='ocr_page ocr_carea ocr_par ocr_line ocrx_word'/>
</head>
<body>
  <div class='ocr_page' id='page_1' title='image "./germaniaagricol00btgoog_0188.png"; bbox 0 0 2242 3992; ppageno 0'>
   <div class='ocr_carea' id='block_1_1' title="bbox 141 338 746 410">
    <p class='ocr_par' dir='ltr' id='par_1_1' title="bbox 141 338 746 410">
     <span class='ocr_line' id='line_1_1' title="bbox 141 338 746 410; baseline -0.017 0"><span class='ocrx_word' id='word_1_1' title='bbox 141 338 204 410; x_wconf 71' lang='lat'><strong>‘100</strong></span> <span class='ocrx_word' id='word_1_2' title='bbox 517 360 665 403; x_wconf 81' lang='lat' dir='ltr'><strong>sacrrus.</strong></span> <span class='ocrx_word' id='word_1_3' title='bbox 743 358 746 364; x_wconf 87' lang='lat'><em>·</em></span> 
     </span>
    </p>
   </div>
   <div class='ocr_carea' id='block_1_2' title="bbox 141 494 1116 894">
    <p class='ocr_par' dir='ltr' id='par_1_2' title="bbox 141 494 1116 905">
     <span class='ocr_line' id='line_1_2' title="bbox 146 494 1040 579; baseline -0.013 -15"><span class='ocrx_word' id='word_1_4' title='bbox 146 507 287 572; x_wconf 82' lang='lat' dir='ltr'><strong>clausere3</strong></span> <span class='ocrx_word' id='word_1_5' title='bbox 306 503 439 561; x_wconf 84' lang='lat' dir='ltr'><strong>vicesima</strong></span> <span class='ocrx_word' id='word_1_6' title='bbox 451 502 525 579; x_wconf 87' lang='lat' dir='ltr'><strong>legio</strong></span> <span class='ocrx_word' id='word_1_7' title='bbox 538 510 620 578; x_wconf 83' lang='lat' dir='ltr'><strong>terga</strong></span> <span class='ocrx_word' id='word_1_8' title='bbox 632 500 772 568; x_wconf 83' lang='lat' dir='ltr'><strong>firmavit;</strong></span> <span class='ocrx_word' id='word_1_9' title='bbox 791 497 855 576; x_wconf 81' lang='lat' dir='ltr'><strong>post</strong></span> <span class='ocrx_word' id='word_1_10' title='bbox 869 496 953 556; x_wconf 88' lang='lat' dir='ltr'><strong>ceteri</strong></span> <span class='ocrx_word' id='word_1_11' title='bbox 967 494 1040 552; x_wconf 91' lang='lat' dir='ltr'><strong>soci·</strong></span> 
     </span>
     <span class='ocr_line' id='line_1_3' title="bbox 146 603 1040 684; baseline -0.013 -14"><span class='ocrx_word' id='word_1_12' title='bbox 146 633 235 671; x_wconf 86' lang='lat' dir='ltr'><strong>orum.</strong></span> <span class='ocrx_word' id='word_1_13' title='bbox 278 609 334 669; x_wconf 86' lang='lat' dir='ltr'><strong>Sed</strong></span> <span class='ocrx_word' id='word_1_14' title='bbox 352 609 456 677; x_wconf 85' lang='lat' dir='ltr'><strong>hostes,</strong></span> <span class='ocrx_word' id='word_1_15' title='bbox 477 607 567 665; x_wconf 91' lang='lat' dir='ltr'><strong>donee</strong></span> <span class='ocrx_word' id='word_1_16' title='bbox 589 625 690 684; x_wconf 80' lang='lat' dir='ltr'><strong>agmen</strong></span> <span class='ocrx_word' id='word_1_17' title='bbox 708 625 758 683; x_wconf 89' lang='lat' dir='ltr'><strong>per</strong></span> <span class='ocrx_word' id='word_1_18' title='bbox 776 605 863 663; x_wconf 88' lang='lat' dir='ltr'><strong>saltus</strong></span> <span class='ocrx_word' id='word_1_19' title='bbox 881 603 1040 681; x_wconf 83' lang='lat' dir='ltr'><strong>porrigere·</strong></span> 
     </span>
     <span class='ocr_line' id='line_1_4' title="bbox 145 710 1116 784; baseline -0.008 -12"><span class='ocrx_word' id='word_1_20' title='bbox 145 723 201 784; x_wconf 82' lang='lat' dir='ltr'><strong>tur,</strong></span> <span class='ocrx_word' id='word_1_21' title='bbox 220 715 337 783; x_wconf 89' lang='lat' dir='ltr'><strong>inmoti;</strong></span> <span class='ocrx_word' id='word_1_22' title='bbox 358 714 421 771; x_wconf 93' lang='lat' dir='ltr'><strong>dein</strong></span> <span class='ocrx_word' id='word_1_23' title='bbox 441 714 530 771; x_wconf 85' lang='lat' dir='ltr'><strong>latera</strong></span> <span class='ocrx_word' id='word_1_24' title='bbox 543 721 572 771; x_wconf 88' lang='lat' dir='ltr'><strong>et</strong></span> <span class='ocrx_word' id='word_1_25' title='bbox 584 713 707 771; x_wconf 81' lang='lat' dir='ltr'><strong>frontem</strong></span> <span class='ocrx_word' id='word_1_26' title='bbox 727 711 835 769; x_wconf 89' lang='lat' dir='ltr'><strong>modice</strong></span> <span class='ocrx_word' id='word_1_27' title='bbox 856 710 1039 774; x_wconf 65' lang='lat' dir='ltr'><strong>adsultantes,</strong></span> <span class='ocrx_word' id='word_1_28' title='bbox 1115 762 1116 773; x_wconf 65' lang='grc'>,</span> 
     </span>
     <span class='ocr_line' id='line_1_5' title="bbox 141 813 1041 894; baseline -0.007 -18"><span class='ocrx_word' id='word_1_29' title='bbox 141 827 206 876; x_wconf 88' lang='lat' dir='ltr'><strong>tota</strong></span> <span class='ocrx_word' id='word_1_30' title='bbox 218 820 247 876; x_wconf 90' lang='lat' dir='ltr'><strong>vi</strong></span> <span class='ocrx_word' id='word_1_31' title='bbox 259 820 426 877; x_wconf 89' lang='lat' dir='ltr'><strong>novissimos</strong></span> <span class='ocrx_word' id='word_1_32' title='bbox 439 818 581 876; x_wconf 86' lang='lat' dir='ltr'><strong>incurrere</strong></span> <span class='ocrx_word' id='word_1_33' title='bbox 593 839 600 877; x_wconf 73' lang='grc' dir='ltr'>ι</span> <span class='ocrx_word' id='word_1_34' title='bbox 613 819 853 894; x_wconf 75' lang='lat' dir='ltr'><strong>turbabanturque</strong></span> <span class='ocrx_word' id='word_1_35' title='bbox 862 816 954 873; x_wconf 85' lang='lat' dir='ltr'><strong>densis</strong></span> <span class='ocrx_word' id='word_1_36' title='bbox 965 813 1041 873; x_wconf 91' lang='lat' dir='ltr'><strong>Ger·</strong></span> 
     </span>
    </p>
   </div>
   <div class='ocr_carea' id='block_1_3' title="bbox 126 918 1116 3625">
    <p class='ocr_par' dir='ltr' id='par_1_3' title="bbox 133 918 1116 1719">
     <span class='ocr_line' id='line_1_6' title="bbox 144 918 1040 993; baseline -0.008 -11"><span class='ocrx_word' id='word_1_37' title='bbox 144 942 292 982; x_wconf 82' lang='lat' dir='ltr'><strong>manorum</strong></span> <span class='ocrx_word' id='word_1_38' title='bbox 309 925 427 989; x_wconf 83' lang='lat' dir='ltr'><strong>catervis</strong></span> <span class='ocrx_word' id='word_1_39' title='bbox 444 924 522 982; x_wconf 88' lang='lat' dir='ltr'><strong>leves</strong></span> <span class='ocrx_word' id='word_1_40' title='bbox 543 923 681 993; x_wconf 85' lang='lat' dir='ltr'><strong>cohortes,</strong></span> <span class='ocrx_word' id='word_1_41' title='bbox 700 942 764 981; x_wconf 91' lang='lat' dir='ltr'><strong>cum</strong></span> <span class='ocrx_word' id='word_1_42' title='bbox 784 922 889 980; x_wconf 87' lang='lat' dir='ltr'><strong>Caesar</strong></span> <span class='ocrx_word' id='word_1_43' title='bbox 906 918 1040 977; x_wconf 86' lang='lat' dir='ltr'><strong>advectus</strong></span> 
     </span>
     <span class='ocr_line' id='line_1_7' title="bbox 136 1025 1116 1106; baseline -0.008 -19"><span class='ocrx_word' id='word_1_44' title='bbox 136 1029 181 1087; x_wconf 62' lang='lat' dir='ltr'><strong>‘ad</strong></span> <span class='ocrx_word' id='word_1_45' title='bbox 202 1030 384 1088; x_wconf 86' lang='lat' dir='ltr'><strong>vicesimanos</strong></span> <span class='ocrx_word' id='word_1_46' title='bbox 405 1049 474 1088; x_wconf 85' lang='lat' dir='ltr'><strong>voce</strong></span> <span class='ocrx_word' id='word_1_47' title='bbox 492 1048 596 1106; x_wconf 86' lang='lat' dir='ltr'><strong>magna</strong></span> <span class='ocrx_word' id='word_1_48' title='bbox 613 1031 660 1086; x_wconf 78' lang='lat' dir='ltr'><strong>boc</strong></span> <span class='ocrx_word' id='word_1_49' title='bbox 677 1028 749 1086; x_wconf 75' lang='lat' dir='ltr'><strong>illud</strong></span> <span class='ocrx_word' id='word_1_50' title='bbox 763 1037 871 1104; x_wconf 82' lang='lat' dir='ltr'><strong>tempus</strong></span> <span class='ocrx_word' id='word_1_51' title='bbox 883 1025 1039 1083; x_wconf 74' lang='lat' dir='ltr'><strong>oblitterare·</strong></span> <span class='ocrx_word' id='word_1_52' title='bbox 1115 1070 1116 1081; x_wconf 46' lang='lat'>2</span> 
     </span>
     <span class='ocr_line' id='line_1_8' title="bbox 136 1129 1038 1211; baseline 0.001 -19"><span class='ocrx_word' id='word_1_53' title='bbox 136 1137 197 1194; x_wconf 76' lang='lat' dir='ltr'><strong>dae</strong></span> <span class='ocrx_word' id='word_1_54' title='bbox 209 1137 351 1194; x_wconf 79' lang='lat' dir='ltr'><strong>seditionis</strong></span> <span class='ocrx_word' id='word_1_55' title='bbox 364 1134 542 1203; x_wconf 82' lang='lat' dir='ltr'><strong>clamitabat;</strong></span> <span class='ocrx_word' id='word_1_56' title='bbox 556 1144 712 1211; x_wconf 68' lang='lat' dir='ltr'><strong>pergerent,</strong></span> <span class='ocrx_word' id='word_1_57' title='bbox 727 1141 914 1210; x_wconf 69' lang='lat' dir='ltr'><strong>prqrerarerrt</strong></span> <span class='ocrx_word' id='word_1_58' title='bbox 925 1129 1038 1205; x_wconf 78' lang='lat' dir='ltr'><strong>czdpam</strong></span> 
     </span>
     <span class='ocr_line' id='line_1_9' title="bbox 137 1238 1040 1315; baseline -0.003 -18"><span class='ocrx_word' id='word_1_59' title='bbox 137 1243 177 1297; x_wconf 50' lang='lat' dir='ltr'><strong>vin</strong></span> <span class='ocrx_word' id='word_1_60' title='bbox 191 1242 272 1298; x_wconf 78' lang='lat' dir='ltr'><strong>decus</strong></span> <span class='ocrx_word' id='word_1_61' title='bbox 289 1250 399 1298; x_wconf 65' lang='lat' dir='ltr'><strong>certem.</strong></span> <span class='ocrx_word' id='word_1_62' title='bbox 441 1238 581 1297; x_wconf 83' lang='lat' dir='ltr'><strong>Exarsere</strong></span> <span class='ocrx_word' id='word_1_63' title='bbox 596 1239 704 1307; x_wconf 86' lang='lat' dir='ltr'><strong>animis,</strong></span> <span class='ocrx_word' id='word_1_64' title='bbox 722 1257 835 1315; x_wconf 90' lang='lat' dir='ltr'><strong>unoque</strong></span> <span class='ocrx_word' id='word_1_65' title='bbox 852 1238 958 1313; x_wconf 89' lang='lat' dir='ltr'><strong>impetu</strong></span> <span class='ocrx_word' id='word_1_66' title='bbox 975 1248 1040 1311; x_wconf 81' lang='lat' dir='ltr'><strong>per·</strong></span> 
     </span>
     <span class='ocr_line' id='line_1_10' title="bbox 138 1338 1039 1422; baseline -0.006 -20"><span class='ocrx_word' id='word_1_67' title='bbox 138 1353 257 1422; x_wconf 84' lang='lat' dir='ltr'><strong>ruptum</strong></span> <span class='ocrx_word' id='word_1_68' title='bbox 278 1344 389 1402; x_wconf 82' lang='lat' dir='ltr'><strong>hostem</strong></span> <span class='ocrx_word' id='word_1_69' title='bbox 411 1344 542 1421; x_wconf 89' lang='lat' dir='ltr'><strong>redigunt</strong></span> <span class='ocrx_word' id='word_1_70' title='bbox 565 1345 595 1400; x_wconf 92' lang='lat' dir='ltr'><strong>in</strong></span> <span class='ocrx_word' id='word_1_71' title='bbox 618 1353 721 1420; x_wconf 82' lang='lat' dir='ltr'><strong>aperta,</strong></span> <span class='ocrx_word' id='word_1_72' title='bbox 743 1343 935 1419; x_wconf 80' lang='lat' dir='ltr'><strong>caeduntque:</strong></span> <span class='ocrx_word' id='word_1_73' title='bbox 956 1338 1039 1398; x_wconf 88' lang='lat' dir='ltr'><strong>simul</strong></span> 
     </span>
     <span class='ocr_line' id='line_1_11' title="bbox 143 1447 1037 1527; baseline -0.003 -21"><span class='ocrx_word' id='word_1_74' title='bbox 143 1451 226 1527; x_wconf 87' lang='lat' dir='ltr'><strong>primi</strong></span> <span class='ocrx_word' id='word_1_75' title='bbox 246 1451 365 1527; x_wconf 86' lang='lat' dir='ltr'><strong>agminis</strong></span> <span class='ocrx_word' id='word_1_76' title='bbox 384 1451 478 1527; x_wconf 90' lang='lat' dir='ltr'><strong>copiae</strong></span> <span class='ocrx_word' id='word_1_77' title='bbox 496 1469 611 1508; x_wconf 75' lang='lat' dir='ltr'><strong>evasere</strong></span> <span class='ocrx_word' id='word_1_78' title='bbox 631 1450 715 1508; x_wconf 89' lang='lat' dir='ltr'><strong>silvas</strong></span> <span class='ocrx_word' id='word_1_79' title='bbox 732 1459 879 1527; x_wconf 86' lang='lat' dir='ltr'><strong>castraque</strong></span> <span class='ocrx_word' id='word_1_80' title='bbox 893 1447 1037 1506; x_wconf 85' lang='lat' dir='ltr'><strong>conmuni·</strong></span> 
     </span>
     <span class='ocr_line' id='line_1_12' title="bbox 133 1554 1034 1633; baseline 0 -22"><span class='ocrx_word' id='word_1_81' title='bbox 133 1574 213 1612; x_wconf 68' lang='lat' dir='ltr'><strong>rere.</strong></span> <span class='ocrx_word' id='word_1_82' title='bbox 255 1555 388 1619; x_wconf 84' lang='lat' dir='ltr'><strong>Quietum</strong></span> <span class='ocrx_word' id='word_1_83' title='bbox 401 1554 466 1612; x_wconf 90' lang='lat' dir='ltr'><strong>inde</strong></span> <span class='ocrx_word' id='word_1_84' title='bbox 479 1556 551 1612; x_wconf 90' lang='lat' dir='ltr'><strong>iter:</strong></span> <span class='ocrx_word' id='word_1_85' title='bbox 572 1555 716 1633; x_wconf 88' lang='lat' dir='ltr'><strong>fidensque</strong></span> <span class='ocrx_word' id='word_1_86' title='bbox 733 1556 892 1613; x_wconf 76' lang='lat' dir='ltr'><strong>recentibus</strong></span> <span class='ocrx_word' id='word_1_87' title='bbox 908 1574 942 1612; x_wconf 86' lang='lat' dir='ltr'><strong>ac</strong></span> <span class='ocrx_word' id='word_1_88' title='bbox 961 1555 1034 1631; x_wconf 93' lang='lat' dir='ltr'><strong>prio·</strong></span> 
     </span>
     <span class='ocr_line' id='line_1_13' title="bbox 133 1660 725 1719; baseline 0.003 -2"><span class='ocrx_word' id='word_1_89' title='bbox 133 1680 205 1718; x_wconf 72' lang='lat' dir='ltr'><strong>‘rum</strong></span> <span class='ocrx_word' id='word_1_90' title='bbox 219 1662 321 1719; x_wconf 91' lang='lat' dir='ltr'><strong>oblitus</strong></span> <span class='ocrx_word' id='word_1_91' title='bbox 333 1662 414 1719; x_wconf 90' lang='lat' dir='ltr'><strong>miles</strong></span> <span class='ocrx_word' id='word_1_92' title='bbox 427 1661 456 1717; x_wconf 92' lang='lat' dir='ltr'><strong>in</strong></span> <span class='ocrx_word' id='word_1_93' title='bbox 470 1660 594 1719; x_wconf 84' lang='lat' dir='ltr'><strong>hibernis</strong></span> <span class='ocrx_word' id='word_1_94' title='bbox 608 1661 725 1719; x_wconf 87' lang='lat' dir='ltr'><strong>locatur.</strong></span> 
     </span>
    </p>

    <p class='ocr_par' dir='ltr' id='par_1_4' title="bbox 130 1755 1034 2786">
     <span class='ocr_line' id='line_1_14' title="bbox 134 1755 1034 1842; baseline -0.003 -17"><span class='ocrx_word' id='word_1_95' title='bbox 134 1755 139 1806; x_wconf 69' lang='grc' dir='ltr'><em>ἶ</em></span> <span class='ocrx_word' id='word_1_96' title='bbox 181 1766 248 1824; x_wconf 88' lang='lat' dir='ltr'><strong>LII.</strong></span> <span class='ocrx_word' id='word_1_97' title='bbox 282 1766 420 1825; x_wconf 87' lang='lat' dir='ltr'><strong>Nuntiata</strong></span> <span class='ocrx_word' id='word_1_98' title='bbox 433 1785 466 1823; x_wconf 88' lang='lat' dir='ltr'><strong>ea</strong></span> <span class='ocrx_word' id='word_1_99' title='bbox 477 1766 621 1823; x_wconf 86' lang='lat' dir='ltr'><strong>Tiberium</strong></span> <span class='ocrx_word' id='word_1_100' title='bbox 634 1765 740 1823; x_wconf 80' lang='lat' dir='ltr'><strong>laetitio</strong></span> <span class='ocrx_word' id='word_1_101' title='bbox 752 1784 875 1842; x_wconf 91' lang='lat' dir='ltr'><strong>curaque</strong></span> <span class='ocrx_word' id='word_1_102' title='bbox 888 1764 1034 1822; x_wconf 81' lang='lat' dir='ltr'><strong>adfecere:</strong></span> 
     </span>
     <span class='ocr_line' id='line_1_15' title="bbox 135 1870 1034 1949; baseline -0.003 -19"><span class='ocrx_word' id='word_1_103' title='bbox 135 1872 279 1949; x_wconf 84' lang='lat' dir='ltr'><strong>&#39;gaudebat</strong></span> <span class='ocrx_word' id='word_1_104' title='bbox 305 1874 467 1949; x_wconf 86' lang='lat' dir='ltr'><strong>obpressam</strong></span> <span class='ocrx_word' id='word_1_105' title='bbox 494 1871 677 1928; x_wconf 86' lang='lat' dir='ltr'><strong>seditionem:</strong></span> <span class='ocrx_word' id='word_1_106' title='bbox 709 1870 759 1928; x_wconf 90' lang='lat' dir='ltr'><strong>sed</strong></span> <span class='ocrx_word' id='word_1_107' title='bbox 785 1871 861 1947; x_wconf 93' lang='lat' dir='ltr'><strong>quod</strong></span> <span class='ocrx_word' id='word_1_108' title='bbox 882 1870 1034 1947; x_wconf 80' lang='lat' dir='ltr'><strong>largiendis</strong></span> 
     </span>
     <span class='ocr_line' id='line_1_16' title="bbox 135 1976 1032 2054; baseline -0.002 -20"><span class='ocrx_word' id='word_1_109' title='bbox 135 1979 262 2054; x_wconf 89' lang='lat' dir='ltr'><strong>pecuniis</strong></span> <span class='ocrx_word' id='word_1_110' title='bbox 276 1985 305 2035; x_wconf 91' lang='lat' dir='ltr'><strong>et</strong></span> <span class='ocrx_word' id='word_1_111' title='bbox 317 1976 450 2035; x_wconf 85' lang='lat' dir='ltr'><strong>missione</strong></span> <span class='ocrx_word' id='word_1_112' title='bbox 463 1976 597 2034; x_wconf 87' lang='lat' dir='ltr'><strong>festinata</strong></span> <span class='ocrx_word' id='word_1_113' title='bbox 608 1976 735 2034; x_wconf 86' lang='lat' dir='ltr'><strong>favorem</strong></span> <span class='ocrx_word' id='word_1_114' title='bbox 747 1977 868 2034; x_wconf 91' lang='lat' dir='ltr'><strong>militum</strong></span> <span class='ocrx_word' id='word_1_115' title='bbox 880 1976 1032 2053; x_wconf 86' lang='lat' dir='ltr'><strong>quaesivis-</strong></span> 
     </span>
     <span class='ocr_line' id='line_1_17' title="bbox 132 2082 1032 2160; baseline 0 -20"><span class='ocrx_word' id='word_1_116' title='bbox 132 2092 186 2151; x_wconf 81' lang='lat' dir='ltr'><strong>set,</strong></span> <span class='ocrx_word' id='word_1_117' title='bbox 208 2083 309 2141; x_wconf 88' lang='lat' dir='ltr'><strong>bellice</strong></span> <span class='ocrx_word' id='word_1_118' title='bbox 331 2102 442 2160; x_wconf 88' lang='lat' dir='ltr'><strong>quoque</strong></span> <span class='ocrx_word' id='word_1_119' title='bbox 457 2082 619 2141; x_wconf 88' lang='lat' dir='ltr'><strong>Germanici</strong></span> <span class='ocrx_word' id='word_1_120' title='bbox 637 2082 735 2159; x_wconf 90' lang='lat' dir='ltr'><strong>gloria,</strong></span> <span class='ocrx_word' id='word_1_121' title='bbox 757 2084 921 2159; x_wconf 89' lang='lat' dir='ltr'><strong>augebatur.</strong></span> <span class='ocrx_word' id='word_1_122' title='bbox 963 2082 1032 2140; x_wconf 86' lang='lat' dir='ltr'><strong>Ret-</strong></span> 
     </span>
     <span class='ocr_line' id='line_1_18' title="bbox 136 2186 1031 2264; baseline 0.001 -21"><span class='ocrx_word' id='word_1_123' title='bbox 136 2187 202 2243; x_wconf 89' lang='lat' dir='ltr'><strong>tulit</strong></span> <span class='ocrx_word' id='word_1_124' title='bbox 224 2195 318 2245; x_wconf 85' lang='lat' dir='ltr'><strong>tamen</strong></span> <span class='ocrx_word' id='word_1_125' title='bbox 343 2186 379 2243; x_wconf 88' lang='lat' dir='ltr'><strong>ad</strong></span> <span class='ocrx_word' id='word_1_126' title='bbox 402 2195 529 2245; x_wconf 88' lang='lat' dir='ltr'><strong>senatum</strong></span> <span class='ocrx_word' id='word_1_127' title='bbox 550 2187 586 2244; x_wconf 90' lang='lat' dir='ltr'><strong>de</strong></span> <span class='ocrx_word' id='word_1_128' title='bbox 612 2189 696 2245; x_wconf 87' lang='lat' dir='ltr'><strong>rebus</strong></span> <span class='ocrx_word' id='word_1_129' title='bbox 716 2188 812 2264; x_wconf 86' lang='lat' dir='ltr'><strong>gestis,</strong></span> <span class='ocrx_word' id='word_1_130' title='bbox 832 2186 977 2264; x_wconf 85' lang='lat' dir='ltr'><strong>multaque</strong></span> <span class='ocrx_word' id='word_1_131' title='bbox 997 2187 1031 2244; x_wconf 91' lang='lat' dir='ltr'><strong>de</strong></span> 
     </span>
     <span class='ocr_line' id='line_1_19' title="bbox 137 2290 1030 2368; baseline -0.001 -20"><span class='ocrx_word' id='word_1_132' title='bbox 137 2292 240 2348; x_wconf 89' lang='lat' dir='ltr'><strong>virtute</strong></span> <span class='ocrx_word' id='word_1_133' title='bbox 258 2291 319 2367; x_wconf 87' lang='lat' dir='ltr'><strong>ejus</strong></span> <span class='ocrx_word' id='word_1_134' title='bbox 342 2291 514 2359; x_wconf 85' lang='lat' dir='ltr'><strong>memoravit,</strong></span> <span class='ocrx_word' id='word_1_135' title='bbox 535 2292 625 2368; x_wconf 86' lang='lat' dir='ltr'><strong>magis</strong></span> <span class='ocrx_word' id='word_1_136' title='bbox 645 2292 675 2348; x_wconf 93' lang='lat' dir='ltr'><strong>in</strong></span> <span class='ocrx_word' id='word_1_137' title='bbox 696 2292 817 2368; x_wconf 91' lang='lat' dir='ltr'><strong>speciem</strong></span> <span class='ocrx_word' id='word_1_138' title='bbox 834 2291 928 2348; x_wconf 87' lang='lat' dir='ltr'><strong>verbis</strong></span> <span class='ocrx_word' id='word_1_139' title='bbox 948 2290 1030 2348; x_wconf 91' lang='lat' dir='ltr'><strong>ador-</strong></span> 
     </span>
     <span class='ocr_line' id='line_1_20' title="bbox 132 2386 1028 2472; baseline 0.002 -22"><span class='ocrx_word' id='word_1_140' title='bbox 132 2386 210 2463; x_wconf 69' lang='lat' dir='ltr'><strong>nata</strong></span> <span class='ocrx_word' id='word_1_141' title='bbox 224 2414 309 2471; x_wconf 84' lang='lat' dir='ltr'><strong>quam</strong></span> <span class='ocrx_word' id='word_1_142' title='bbox 328 2402 361 2451; x_wconf 92' lang='lat' dir='ltr'><strong>ut</strong></span> <span class='ocrx_word' id='word_1_143' title='bbox 381 2396 492 2472; x_wconf 88' lang='lat' dir='ltr'><strong>penitus</strong></span> <span class='ocrx_word' id='word_1_144' title='bbox 511 2397 615 2455; x_wconf 87' lang='lat' dir='ltr'><strong>sentire</strong></span> <span class='ocrx_word' id='word_1_145' title='bbox 635 2397 805 2455; x_wconf 81' lang='lat' dir='ltr'><strong>crederetur.</strong></span> <span class='ocrx_word' id='word_1_146' title='bbox 846 2396 1028 2455; x_wconf 90' lang='lat' dir='ltr'><strong>Paucioribus</strong></span> 
     </span>
     <span class='ocr_line' id='line_1_21' title="bbox 138 2498 1030 2579; baseline 0.001 -22"><span class='ocrx_word' id='word_1_147' title='bbox 138 2499 266 2557; x_wconf 87' lang='lat' dir='ltr'><strong>Drusum</strong></span> <span class='ocrx_word' id='word_1_148' title='bbox 287 2507 315 2556; x_wconf 90' lang='lat' dir='ltr'><strong>et</strong></span> <span class='ocrx_word' id='word_1_149' title='bbox 334 2498 419 2556; x_wconf 89' lang='lat' dir='ltr'><strong>finem</strong></span> <span class='ocrx_word' id='word_1_150' title='bbox 433 2499 539 2579; x_wconf 86' lang='lat' dir='ltr'><strong>Illyrici</strong></span> <span class='ocrx_word' id='word_1_151' title='bbox 558 2510 651 2559; x_wconf 88' lang='lat' dir='ltr'><strong>motus</strong></span> <span class='ocrx_word' id='word_1_152' title='bbox 671 2502 804 2570; x_wconf 84' lang='lat' dir='ltr'><strong>laudavit,</strong></span> <span class='ocrx_word' id='word_1_153' title='bbox 828 2502 878 2560; x_wconf 89' lang='lat' dir='ltr'><strong>sed</strong></span> <span class='ocrx_word' id='word_1_154' title='bbox 897 2502 1030 2559; x_wconf 88' lang='lat' dir='ltr'><strong>intentior</strong></span> 
     </span>
     <span class='ocr_line' id='line_1_22' title="bbox 130 2603 1028 2684; baseline 0.003 -22"><span class='ocrx_word' id='word_1_155' title='bbox 130 2613 163 2662; x_wconf 85' lang='lat' dir='ltr'><strong>et</strong></span> <span class='ocrx_word' id='word_1_156' title='bbox 176 2603 233 2661; x_wconf 88' lang='lat' dir='ltr'><strong>fida</strong></span> <span class='ocrx_word' id='word_1_157' title='bbox 246 2604 388 2661; x_wconf 86' lang='lat' dir='ltr'><strong>oratione:</strong></span> <span class='ocrx_word' id='word_1_158' title='bbox 406 2613 570 2683; x_wconf 86' lang='lat' dir='ltr'><strong>cunctaque,</strong></span> <span class='ocrx_word' id='word_1_159' title='bbox 585 2622 657 2684; x_wconf 90' lang='lat' dir='ltr'><strong>quae</strong></span> <span class='ocrx_word' id='word_1_160' title='bbox 666 2608 852 2666; x_wconf 85' lang='lat' dir='ltr'><strong>Germanicus</strong></span> <span class='ocrx_word' id='word_1_161' title='bbox 865 2607 1028 2677; x_wconf 87' lang='lat' dir='ltr'><strong>indulserat,</strong></span> 
     </span>
     <span class='ocr_line' id='line_1_23' title="bbox 133 2697 792 2786; baseline 0.002 -19"><span class='ocrx_word' id='word_1_162' title='bbox 133 2709 256 2767; x_wconf 85' lang='lat' dir='ltr'><strong>servavit</strong></span> <span class='ocrx_word' id='word_1_163' title='bbox 269 2697 356 2767; x_wconf 67' lang='lat' dir='ltr'><strong>etiam&#39;</strong></span> <span class='ocrx_word' id='word_1_164' title='bbox 366 2709 440 2786; x_wconf 90' lang='lat' dir='ltr'><strong>apud</strong></span> <span class='ocrx_word' id='word_1_165' title='bbox 454 2710 631 2768; x_wconf 88' lang='lat' dir='ltr'><strong>Pannonicos</strong></span> <span class='ocrx_word' id='word_1_166' title='bbox 645 2712 792 2770; x_wconf 80' lang='lat' dir='ltr'><strong>exercitus.</strong></span> 
     </span>
    </p>

    <p class='ocr_par' dir='ltr' id='par_1_5' title="bbox 126 2813 1116 3625">
     <span class='ocr_line' id='line_1_24' title="bbox 173 2813 1116 2893; baseline 0.006 -21"><span class='ocrx_word' id='word_1_167' title='bbox 173 2813 256 2872; x_wconf 89' lang='lat' dir='ltr'><strong>LIII.</strong></span> <span class='ocrx_word' id='word_1_168' title='bbox 297 2814 407 2872; x_wconf 89' lang='lat' dir='ltr'><strong>Eodem</strong></span> <span class='ocrx_word' id='word_1_169' title='bbox 427 2833 501 2872; x_wconf 90' lang='lat' dir='ltr'><strong>anno</strong></span> <span class='ocrx_word' id='word_1_170' title='bbox 519 2814 598 2874; x_wconf 89' lang='lat' dir='ltr'><strong>Julia</strong></span> <span class='ocrx_word' id='word_1_171' title='bbox 621 2835 783 2893; x_wconf 86' lang='lat' dir='ltr'><strong>supremum</strong></span> <span class='ocrx_word' id='word_1_172' title='bbox 804 2818 878 2874; x_wconf 91' lang='lat' dir='ltr'><strong>diem</strong></span> <span class='ocrx_word' id='word_1_173' title='bbox 900 2818 978 2887; x_wconf 89' lang='lat' dir='ltr'><strong>obiit,</strong></span> <span class='ocrx_word' id='word_1_174' title='bbox 992 2818 1026 2876; x_wconf 92' lang='lat' dir='ltr'><strong>ob</strong></span> <span class='ocrx_word' id='word_1_175' title='bbox 1115 2822 1116 2879; x_wconf 74' lang='lat' dir='ltr'><strong>l</strong></span> 
     </span>
     <span class='ocr_line' id='line_1_25' title="bbox 128 2919 1116 3001; baseline 0.007 -26"><span class='ocrx_word' id='word_1_176' title='bbox 128 2919 323 2996; x_wconf 83' lang='lat' dir='ltr'><strong>inpudicitiam</strong></span> <span class='ocrx_word' id='word_1_177' title='bbox 347 2920 413 2977; x_wconf 92' lang='lat' dir='ltr'><strong>olim</strong></span> <span class='ocrx_word' id='word_1_178' title='bbox 440 2940 457 2977; x_wconf 92' lang='lat' dir='ltr'><strong>a</strong></span> <span class='ocrx_word' id='word_1_179' title='bbox 483 2928 562 2998; x_wconf 90' lang='lat' dir='ltr'><strong>patre</strong></span> <span class='ocrx_word' id='word_1_180' title='bbox 587 2922 719 2998; x_wconf 84' lang='lat' dir='ltr'><strong>Augusto</strong></span> <span class='ocrx_word' id='word_1_181' title='bbox 741 2922 909 2980; x_wconf 86' lang='lat' dir='ltr'><strong>Pandateria</strong></span> <span class='ocrx_word' id='word_1_182' title='bbox 928 2922 1026 2990; x_wconf 86' lang='lat' dir='ltr'><strong>insula,</strong></span> <span class='ocrx_word' id='word_1_183' title='bbox 1115 2978 1116 3001; x_wconf 39' lang='lat'>3</span> 
     </span>
     <span class='ocr_line' id='line_1_26' title="bbox 134 3022 1028 3102; baseline 0.007 -22"><span class='ocrx_word' id='word_1_184' title='bbox 134 3044 199 3080; x_wconf 85' lang='lat' dir='ltr'><strong>mox</strong></span> <span class='ocrx_word' id='word_1_185' title='bbox 224 3023 324 3100; x_wconf 91' lang='lat' dir='ltr'><strong>oppido</strong></span> <span class='ocrx_word' id='word_1_186' title='bbox 339 3022 523 3101; x_wconf 80' lang='lat' dir='ltr'><strong>Reginorum,</strong></span> <span class='ocrx_word' id='word_1_187' title='bbox 544 3025 592 3102; x_wconf 94' lang='lat' dir='ltr'><strong>qui</strong></span> <span class='ocrx_word' id='word_1_188' title='bbox 615 3025 740 3085; x_wconf 89' lang='lat' dir='ltr'><strong>Siculum</strong></span> <span class='ocrx_word' id='word_1_189' title='bbox 761 3026 867 3084; x_wconf 84' lang='lat' dir='ltr'><strong>fretum</strong></span> <span class='ocrx_word' id='word_1_190' title='bbox 890 3028 1028 3096; x_wconf 77' lang='lat' dir='ltr'><strong>adeolunt,</strong></span> 
     </span>
     <span class='ocr_line' id='line_1_27' title="bbox 126 3127 1024 3199; baseline 0.003 -13"><span class='ocrx_word' id='word_1_191' title='bbox 126 3128 237 3186; x_wconf 84' lang='lat' dir='ltr'><strong>&#39;clausa</strong></span> <span class='ocrx_word' id='word_1_192' title='bbox 278 3127 381 3185; x_wconf 89' lang='lat' dir='ltr'><strong>Fuerat</strong></span> <span class='ocrx_word' id='word_1_193' title='bbox 401 3129 431 3185; x_wconf 91' lang='lat' dir='ltr'><strong>in</strong></span> <span class='ocrx_word' id='word_1_194' title='bbox 450 3130 627 3187; x_wconf 88' lang='lat' dir='ltr'><strong>matrimonio</strong></span> <span class='ocrx_word' id='word_1_195' title='bbox 642 3131 758 3199; x_wconf 90' lang='lat' dir='ltr'><strong>Tiberii,</strong></span> <span class='ocrx_word' id='word_1_196' title='bbox 777 3131 942 3190; x_wconf 86' lang='lat' dir='ltr'><strong>florentibus</strong></span> <span class='ocrx_word' id='word_1_197' title='bbox 958 3134 1024 3193; x_wconf 89' lang='lat' dir='ltr'><strong>Caio</strong></span> 
     </span>
     <span class='ocr_line' id='line_1_28' title="bbox 132 3216 1116 3313; baseline 0.007 -23"><span class='ocrx_word' id='word_1_198' title='bbox 132 3241 160 3290; x_wconf 92' lang='lat' dir='ltr'><strong>et</strong></span> <span class='ocrx_word' id='word_1_199' title='bbox 175 3232 263 3290; x_wconf 92' lang='lat' dir='ltr'><strong>Lucio</strong></span> <span class='ocrx_word' id='word_1_200' title='bbox 279 3232 453 3303; x_wconf 86' lang='lat' dir='ltr'><strong>Caesaribus,</strong></span> <span class='ocrx_word' id='word_1_201' title='bbox 468 3243 667 3311; x_wconf 86' lang='lat' dir='ltr'><strong>spreveratque</strong></span> <span class='ocrx_word' id='word_1_202' title='bbox 685 3243 717 3293; x_wconf 89' lang='lat' dir='ltr'><strong>ut</strong></span> <span class='ocrx_word' id='word_1_203' title='bbox 737 3236 882 3313; x_wconf 69' lang='lat' dir='ltr'><strong>inparem</strong></span> <span class='ocrx_word' id='word_1_204' title='bbox 901 3257 955 3295; x_wconf 88' lang='lat' dir='ltr'><strong>nec</strong></span> <span class='ocrx_word' id='word_1_205' title='bbox 973 3239 1024 3296; x_wconf 88' lang='lat' dir='ltr'><strong>alia</strong></span> <span class='ocrx_word' id='word_1_206' title='bbox 1115 3216 1116 3255; x_wconf 51' lang='lat'><em>3</em></span> 
     </span>
     <span class='ocr_line' id='line_1_29' title="bbox 131 3337 1024 3410; baseline 0.009 -14"><span class='ocrx_word' id='word_1_207' title='bbox 131 3348 189 3396; x_wconf 91' lang='lat' dir='ltr'><strong>tam</strong></span> <span class='ocrx_word' id='word_1_208' title='bbox 209 3339 307 3396; x_wconf 90' lang='lat' dir='ltr'><strong>intima</strong></span> <span class='ocrx_word' id='word_1_209' title='bbox 320 3337 434 3396; x_wconf 82' lang='lat' dir='ltr'><strong>Tiberio</strong></span> <span class='ocrx_word' id='word_1_210' title='bbox 453 3359 544 3410; x_wconf 85' lang='lat' dir='ltr'><strong>causa,</strong></span> <span class='ocrx_word' id='word_1_211' title='bbox 559 3360 610 3399; x_wconf 89' lang='lat' dir='ltr'><strong>cur</strong></span> <span class='ocrx_word' id='word_1_212' title='bbox 623 3340 757 3398; x_wconf 90' lang='lat' dir='ltr'><strong>Rhodum</strong></span> <span class='ocrx_word' id='word_1_213' title='bbox 774 3343 956 3403; x_wconf 86' lang='lat' dir='ltr'><strong>abscederet:</strong></span> <span class='ocrx_word' id='word_1_214' title='bbox 977 3346 1024 3403; x_wconf 93' lang='lat' dir='ltr'><strong>im·</strong></span> 
     </span>
     <span class='ocr_line' id='line_1_30' title="bbox 129 3428 1116 3522; baseline 0.007 -23"><span class='ocrx_word' id='word_1_215' title='bbox 129 3445 237 3519; x_wconf 90' lang='lat' dir='ltr'><strong>perium</strong></span> <span class='ocrx_word' id='word_1_216' title='bbox 250 3443 375 3519; x_wconf 90' lang='lat' dir='ltr'><strong>adeptus,</strong></span> <span class='ocrx_word' id='word_1_217' title='bbox 395 3452 543 3512; x_wconf 82' lang='lat' dir='ltr'><strong>extorrem,</strong></span> <span class='ocrx_word' id='word_1_218' title='bbox 560 3445 703 3511; x_wconf 88' lang='lat' dir='ltr'><strong>infamem,</strong></span> <span class='ocrx_word' id='word_1_219' title='bbox 717 3453 746 3502; x_wconf 91' lang='lat' dir='ltr'><strong>et</strong></span> <span class='ocrx_word' id='word_1_220' title='bbox 761 3453 826 3522; x_wconf 89' lang='lat' dir='ltr'><strong>post</strong></span> <span class='ocrx_word' id='word_1_221' title='bbox 843 3446 1020 3506; x_wconf 87' lang='lat' dir='ltr'><strong>interfectum</strong></span> <span class='ocrx_word' id='word_1_222' title='bbox 1115 3428 1116 3431; x_wconf 7' lang='grc' dir='ltr'><strong>Ἰ</strong></span> 
     </span>
     <span class='ocr_line' id='line_1_31' title="bbox 129 3544 1019 3625; baseline 0.007 -23"><span class='ocrx_word' id='word_1_223' title='bbox 129 3544 295 3605; x_wconf 84' lang='lat' dir='ltr'><strong>Postumum</strong></span> <span class='ocrx_word' id='word_1_224' title='bbox 309 3548 466 3625; x_wconf 87' lang='lat' dir='ltr'><strong>Agrippam</strong></span> <span class='ocrx_word' id='word_1_225' title='bbox 480 3550 570 3606; x_wconf 88' lang='lat' dir='ltr'><strong>omnis</strong></span> <span class='ocrx_word' id='word_1_226' title='bbox 585 3549 645 3625; x_wconf 87' lang='lat' dir='ltr'><strong>spei</strong></span> <span class='ocrx_word' id='word_1_227' title='bbox 658 3567 785 3624; x_wconf 89' lang='lat' dir='ltr'><strong>egenam,</strong></span> <span class='ocrx_word' id='word_1_228' title='bbox 799 3549 893 3625; x_wconf 74' lang='lat' dir='ltr'><strong>inopIa</strong></span> <span class='ocrx_word' id='word_1_229' title='bbox 911 3569 945 3608; x_wconf 90' lang='lat' dir='ltr'><strong>ac</strong></span> <span class='ocrx_word' id='word_1_230' title='bbox 958 3551 1019 3608; x_wconf 88' lang='lat' dir='ltr'><strong>tabe</strong></span> 
     </span>
    </p>
   </div>
   <div class='ocr_carea' id='block_1_4' title="bbox 0 0 1126 3992">
    <p class='ocr_par' dir='ltr' id='par_1_6' title="bbox 0 0 1126 3992">
     <span class='ocr_line' id='line_1_32' title="bbox 0 0 1126 3992; baseline 0 1"><span class='ocrx_word' id='word_1_231' title='bbox 0 0 1126 3992; x_wconf 95' lang='lat' dir='ltr'><strong> </strong></span> 
     </span>
    </p>
   </div>
  </div>
 </body>
</html>
