2242 3992
147 346 188 403 22
420 336 422 339 ’
518 365 666 409 memus,

146 509 251 578 poscat,
279 504 424 573 exercitus,
448 504 599 582 plurimum
622 505 746 563 virorum
769 522 979 582 equorumque:
1002 510 1040 560 ‘et

148 605 354 690 quiescentibus
367 608 464 667 eadem
477 610 562 668 fama.

190 711 329 772 XXXVI.
380 715 415 773 In
436 716 523 774 latere
548 716 706 775 Caucorum
732 716 933 793 Cattorumque
950 676 1042 776 vChe·

150 822 224 878 rusci
247 823 361 882 nimiam
382 845 415 883 ao
437 834 609 884 marcentem
630 825 678 882 diu
698 816 795 902 paoem
815 823 967 880 inlacessiti
990 842 1044 880 nu-

150 932 289 991 tricrunt:
309 933 393 1011 idque
410 935 570 1011 jucundius,
588 944 680 1011 quam
685 934 781 1000 tutius,
795 932 868 990 fuit:
889 933 955 1010 quia
967 933 1045 990 inter

151 1039 308 1116 inpotentes
329 1050 358 1098 et
381 1041 487 1100 validos
508 1041 580 1100 falso
599 1042 742 1119 quiescas3
762 1039 811 1096 ubi
832 1058 917 1097 manu
940 1040 1045 1115 agitur,
1111 1118 1113 1126 A

152 1143 288 1203 modestia
307 1166 340 1204 ac
357 1148 481 1225 probitas
502 1148 616 1204 nomina
638 1144 787 1224 superioris
812 1152 887 1202 sunt.
925 1143 979 1213 Ita,
995 1146 1045 1222 qui

153 1248 220 1305 olim
233 1250 298 1307 doni
309 1253 444 1327 aequique
463 1250 608 1319 Cherusci,
630 1269 705 1306 nunc
718 1251 819 1307 inerme
842 1269 877 1305 oc
896 1247 973 1306 stulti
995 1246 1046 1305 vo}

153 1363 271 1415 canon:
296 1356 386 1415 Cattis
407 1358 558 1415 victoribus
580 1358 693 1415 fortuna
716 1357 745 1413 in
768 1355 930 1433 sapientiam
952 1355 1049 1412 cessit.

154 1461 250 1519 Tracti
263 1464 344 1521 ruina
358 1463 565 1523 Cheruscorum
579 1474 608 1522 et
621 1464 696 1533 Fosi,
710 1464 883 1521 contermina
897 1482 977 1539 gens,
996 1462 1048 1521 ad·

153 1585 298 1624 versurum
311 1587 405 1626 rerum
418 1588 452 1626 ex
465 1589 554 1645 aequo
569 1569 645 1636 socii,
659 1588 723 1625 cum
736 1568 766 1624 in
780 1567 908 1625 secundis
921 1567 1049 1623 minores

151 1669 282 1729 dussent.
719 1713 844 1771 W

152 1808 155 1817 ι
194 1775 350 1835 XXXVII.
398 1776 528 1835 Eundem
542 1777 711 1836 Germaniae
729 1777 823 1834 sinum
844 1775 965 1854 proximi
983 1795 1049 1833 oce·

152 1901 207 1939 ano
222 1882 330 1942 Cimbri
342 1892 448 1952 tenent,
462 1903 549 1961 parua
561 1902 637 1940 nunc
651 1883 759 1950 civitas,
769 1881 819 1939 sed
828 1881 920 1958 gloria
932 1881 1048 1956 ingens:

153 1988 310 2064 veterisque
337 1988 428 2046 famae
451 1987 651 2063 late-vestigia
685 1994 808 2057 manent,
838 1994 958 2062 utraque
985 1985 1048 2063 ripa

153 2100 245 2151 castra
265 2111 298 2149 ac
314 2093 411 2169 spatia,
433 2111 553 2170 quorum
574 2092 681 2150 ambitu
704 2111 779 2150 nunc
795 2111 906 2169 quoque
923 2092 1049 2156 metiaris

153 2193 256 2251 molem
281 2213 436 2272 manusque
459 2196 551 2272 gentis
579 2205 608 2253 et
633 2205 692 2254 tam
715 2197 810 2273 magni
837 2198 928 2254 exitus
954 2195 1049 2254 fidem.

154 2299 389 2358 sescentesimum
415 2309 444 2357 et
465 2300 709 2377 quadragesImnm
732 2320 838 2358 annum
860 2303 928 2359 urbs
951 2310 1050 2359 nostra

153 2406 263 2481 agebat,
277 2407 475 2484 cumprimum
489 2407 669 2467 Cimbrorum
681 2408 777 2467 audita
790 2418 856 2466 sunt
874 2428 961 2478 arma,
976 2408 1051 2468 Cae·

155 2510 220 2568 cilio
234 2510 353 2570 Metello
367 2532 400 2570 ac
417 2512 529 2591 Papirio
553 2513 683 2572 Carbone
703 2534 777 2572 coss·
831 2514 876 2572 Ex
896 2533 952 2591 quo
971 2513 995 2570 si
1014 2513 1053 2571 ad

154 2617 275 2676 alterum
304 2619 478 2696 imperatoris
505 2621 625 2696 Trajani
648 2619 823 2678 consulatum
850 2574 1053 2697 oomp(temus,

156 2723 370 2807 ducentiferme
384 2735 412 2783 et
425 2725 522 2783 decem
534 2727 601 2783 anni
615 2726 802 2802 conliguntur.
843 2725 964 2783 Tamdiu
978 2725 1055 2784 Ger·

155 2831 250 2888 mania
275 2831 405 2890 vincitur.
452 2830 552 2890 Medio
575 2840 633 2888 tarn
657 2831 734 2908 longi
757 2833 820 2889 aevi
841 2832 940 2908 spatio,
961 2831 1054 2889 multe

157 2936 277 2994 invicem
305 2937 424 2996 damna:
444 2957 502 2995 non
522 2936 642 3007 Samnis,
665 2958 723 2996 non
747 2938 844 3007 Poeni,
866 2956 924 2994 non
947 2936 1055 3015 Hispa·
1107 2994 1108 2997 ,

156 3042 220 3099 niae
242 3043 396 3115 Galliaeve,
420 3064 456 3102 ne
475 3045 575 3103 Parthi
595 3046 708 3122 quidem
726 3046 836 3124 saepius
862 3044 1054 3129 admonuere:

159 3147 261 3225 quippe
281 3168 368 3226 regno
391 3150 507 3209 Arsacis
527 3154 618 3211 acrior
635 3161 679 3209 est
700 3152 907 3211 Germanorum
927 3150 1057 3208 libertas.
1106 3196 1107 3207 ,

160 3256 237 3321 Quid
250 3258 325 3316 enim
338 3258 414 3317 aliud
426 3261 516 3330 nobis,
540 3280 626 3338 quam
644 3260 758 3319 caedem
781 3260 886 3329 Crassi,
908 3260 1012 3318 amisso
1026 3270 1058 3319 et

159 3364 220 3442 ipso
235 3365 351 3436 Pacoro,
364 3367 439 3425 infra
452 3367 615 3425 Ventidium
635 3369 759 3445 dejectus
774 3368 878 3427 Oriens
892 3368 1055 3444 objecerit?
1105 3394 1106 3411 ,

162 3476 204 3533 At
218 3475 355 3535 Germani
368 3476 499 3536 Carbone
512 3486 541 3534 et
550 3477 648 3536 Cassio
663 3486 691 3534 et
703 3476 807 3537 Scauro
817 3476 936 3535 Aurelio
948 3487 978 3536 et
990 3478 1060 3539 Ser-

162 3579 229 3638 vilio
244 3580 394 3659 Caepione,
409 3581 504 3641 Cnaeo
524 3601 635 3660 quoque
658 3580 768 3639 Manlio
790 3581 862 3638 fusis
886 3580 932 3637 vel
957 3583 1058 3658 captis,
1104 3608 1105 3615 ¹
