2242 3992
335 384 512 427 auuanruu
534 372 632 426 1111111
654 387 676 426 1.
931 362 972 422 87

81 525 148 583 'dunt
162 508 288 604 plerique
297 527 372 584 intra
384 526 595 585 tabernaculum
609 527 686 585 ducis
701 527 833 595 obrutos;
851 526 974 584 1111101-

82 645 147 708 pora
160 640 239 689 extra
252 632 357 689 vallum
371 633 480 709 abjecta
493 634 624 691 ostentui.

119 739 213 797 XXX.
255 740 339 808 Tum,
362 742 535 818 utquisque
558 742 724 819 praecipuus
747 739 883 808 turbator,
909 756 974 797 con·

85 846 193 922 quisiti3
213 854 242 903 91
265 862 338 924 pars,
359 856 438 904 extra
461 855 553 904 eastra
573 846 707 923 palanteS,
728 866 745 903 a
766 846 974 903 centurionibus

6 952 7 997 ἓ
82 958 129 1008 aut
151 953 354 1028 praetoriarum
377 952 534 1010 cohortium
556 952 692 1009 militibus
716 952 809 1009 caesi:
840 951 976 1028 quosdam

6 1070 7 1073 ’
81 1057 134 1133 ipsi
155 1056 299 1135 manipuli,
324 1057 520 1115 documentum
542 1056 617 1126 fidei,
643 1056 793 1114 tradidere.
848 1057 976 1113 Auxerat

6 1152 7 1155 ¹
81 1160 202 1217 militum
229 1179 310 1217 curas
337 1169 514 1238 praematura
540 1159 639 1231 hiems,
670 1161 806 1219 imbribus
838 1161 977 1219 continuis

80 1266 206 1343 adeoque
220 1267 319 1336 saevis,
333 1275 365 1324 111
383 1282 441 1323 non
461 1265 556 1342 egredi
576 1266 704 1334 tentoria,
719 1267 884 1343 congregari
904 1266 978 1323 iuter

83 1390 121 1439 se,
144 1371 192 1427 vix
214 1372 301 1427 tutari
325 1371 405 1448 signa
428 1380 551 1448 possent,
573 1388 644 1447 quae
667 1372 778 1429 turbine
799 1380 883 1449 atque
902 1371 978 1428 unda

7 1519 12 1529 .
81 1476 282 1552 raptabantnrz
303 1474 421 1533 durabat
435 1483 463 1532 91
476 1475 597 1532 formido
612 1476 738 1535 caelestis
753 1478 818 1546 irae,
833 1498 883 1535 nec
890 1481 978 1553 fraa-

80 1591 126 1638 tra
145 1582 279 1638 adversm
303 1582 395 1656 inpiae
417 1580 551 1638 hebescere
570 1582 672 1649 sidera,
691 1602 772 1640 raere
790 1593 978 1658 tempestates:

80 1698 139 1742 non
164 1684 248 1743 alind
270 1684 408 1742 merbrum
439 1683 634 1750 levamentum,
660 1705 746 1760 qaam
772 1687 799 1743 a·
825 1686 983 1762 linquerent

80 1801 172 1848 watra
186 1792 315 1865 infausta
329 1798 520 1866 temerataque,
534 1799 560 1847 et
577 1789 658 1846 solati
664 1788 780 1865 piacnla
793 1791 853 1847 onie
865 1792 981 1866 qateqae

82 1897 205 1954 hibernia
217 1896 416 1954 redderentur:
432 1897 553 1974 primum
567 1905 673 1964 octava,
688 1895 752 1952 dein
766 1896 981 1973 quintadecuma

82 2004 154 2084 legio
180 2006 298 2063 rediere.
352 2005 490 2063 Nouanus
517 2006 699 2081 opperiendas
722 2006 830 2063 Tiberii
855 2006 981 2082 epistolas

81 2110 283 2179 clamitaverat,
296 2129 361 2167 mox
375 2110 515 2167 desolatus
529 2109 648 2167 aliorum
662 2110 829 2167 discessione
843 2110 981 2168 inminen-

79 2227 139 2276 tem
158 2220 356 2277 neeessitatem
376 2227 474 2296 sponte
493 2217 656 2295 praevenite
677 2226 705 2274 et
719 2216 841 2285 Drusus,
856 2238 912 2274 non
933 2238 981 2275 ex·

80 2332 208 2400 spectato
218 2324 375 2401 legatorum
389 2343 527 2400 regressu,
542 2323 609 2400 quia
625 2323 783 2400 praesentia
800 2324 867 2380 satis
885 2343 981 2381 conse·

78 2429 191 2498 derant,
206 2431 236 2486 in
249 2430 349 2487 urbem
362 2430 453 2486 rediit.

121 2532 238 2590 XXXI.
279 2532 383 2589 Iisdem
400 2532 490 2589 ferme
511 2532 618 2601 diebus,
638 2532 848 2617 iisdemrausis
863 2534 981 2593 Germa-

74 2639 161 2696 nicae
182 2639 309 2715 legiones
327 2639 464 2707 turbatae,
483 2646 588 2714 quanto
604 2614 708 2714 plures,
727 2645 805 2696 tanto
823 2639 982 2708 violentius,

80 2751 109 2800 91
121 2762 230 2820 magna
244 2762 293 2819 spe
305 2743 368 2799 fore
381 2751 413 2799 nt
428 2742 614 2802 Germanicus
629 2742 734 2802 Caesar
752 2722 900 2819 imperium
914 2743 982 2800 alte·

76 2848 142 2904 tius
160 2848 221 2925 pati
240 2849 377 2924 nequiret,
392 2848 525 2924 daretque
546 2867 577 2904 se
596 2848 753 2924 legionibus
767 2848 795 2904 vi
814 2867 864 2904 sua
883 2857 984 2907 cuncta

79 2954 226 3011 tincturis·
268 2952 335 3010 Duo
356 2953 430 3031 apud
448 2954 537 3030 ripam
552 2953 647 3010 Rheni
663 2953 799 3010 exercitus
819 2964 916 3013 erant:
939 2956 984 3015 cui

78 3076 189 3115 nomen
214 3059 358 3135 superiori,
383 3059 435 3133 sub
464 3058 498 3118 C.
527 3058 596 3117 Silio
623 3059 734 3136 legato;
761 3059 924 3117 inferiorem
945 3063 984 3120 A.

80 3162 211 3220 Caecina
221 3164 345 3220 curabat.
387 3163 526 3240 Regimen
540 3183 666 3220 summae
680 3165 721 3220 rei
734 3184 819 3242 penes
835 3164 985 3223 Germani·

78 3287 160 3336 cum,
189 3268 299 3345 agendo
327 3245 485 3328 Galliarum
512 3267 608 3324 censui
634 3275 694 3324 tum
721 3268 868 3325 intentum.
928 3264 986 3326 Sed

77 3373 190 3450 quibus
221 3371 305 3431 Silius
332 3372 537 3440 moderabatur,
565 3381 659 3429 mente
686 3372 817 3449 ambigua
842 3371 985 3428 fortunam

75 3477 232 3535 seditionis
266 3477 373 3534 alienae
408 3475 640 3553 speculabantur:
674 3475 814 3532 inferioris
848 3475 985 3530 exercitus

72 3582 168 3640 miles
186 3582 217 3640 in
236 3582 343 3640 rabiem
363 3581 509 3660 prolapsus
528 3588 579 3650 est,
594 3588 655 3637 orto
673 3580 709 3636 ab
722 3575 983 3634 unaetvicesimanis
