2242 3992
146 380 186 436 34
518 396 665 439 racrrns.
747 397 751 406 ’

146 535 243 601 vitum,
271 532 398 610 delegato
421 534 575 591 triumviris
609 534 772 603 ministerio,
800 542 832 590 ut
858 541 1045 590 monumenta
1069 588 1074 594 .

50 657 54 666 ·
147 638 362 696 clarissimorum
375 639 551 716 ingeniorum
570 641 600 696 in
622 641 733 697 comitio
753 658 785 697 ac
803 640 867 697 foro
881 647 1043 696 urerentur.

149 743 260 802 Scilicet
283 743 362 800 illo
349 761 420 819 igne
443 763 540 823 vocem
558 744 660 822 Populi
682 744 803 802 Romani
832 752 860 801 et
883 743 1045 800 libertatem

138 847 269 915 ,Senatus
282 857 311 905 et
324 849 645 934 conscientiampgeneris
665 847 779 906 humani
801 849 906 906 aboleri
922 849 1045 905 arbitra·

148 953 258 1022 bantur,
279 953 432 1030 expulsis
424 972 537 1031 msupar
558 953 665 1031 sapient
666 954 708 1010 iae
725 953 931 1047 professoribus
954 960 1043 1053 atque
1063 1024 1068 1035 Ι

150 1077 225 1114 omni
217 1058 312 1115 bona
324 1066 383 1115 arte
396 1058 552 1119 inexilium
566 1067 636 1127 acta,
654 1078 691 1115 ne
711 1057 779 1136 quid
799 1077 918 1135 usquam
939 1030 1045 1113 hones·
1062 1042 1067 1049 ¹

149 1148 210 1220 tum
233 1172 399 1222 occurreret.
453 1163 591 1222 Dedimus
615 1164 740 1242 profecto
764 1164 869 1241 grande
893 1163 1046 1240 patientiae

151 1268 366 1326 documentum:
386 1277 414 1326 et
438 1269 510 1326 sicut
532 1276 613 1325 vetus
637 1277 712 1325 aetas
732 1266 803 1325 vidit
826 1267 893 1344 quid
912 1266 1046 1324 ultimum

151 1374 180 1429 in
193 1374 320 1430 libertate
334 1381 416 1440 esset,
435 1373 474 1430 ita
487 1392 538 1429 nos
551 1372 621 1449 quid
640 1373 669 1429 in
688 1373 830 1439 servitute,
849 1372 978 1449 adempto
993 1391 1046 1448 per

151 1478 342 1554 inquisitiones
356 1484 384 1534 et
401 1476 534 1554 loquendi
552 1476 737 1553 audiendique
759 1464 933 1534 commercio.
975 1475 1045 1533 Me·

151 1582 269 1640 moriam
281 1601 391 1659 quoque
411 1582 500 1660 ipsam
519 1602 584 1640 cum
603 1602 672 1641 voce
692 1582 916 1661 perdidissemus,
941 1583 965 1638 si
984 1591 1046 1639 tam

151 1687 181 1743 in
194 1696 291 1745 nostra
303 1695 440 1765 potestate
453 1697 527 1745 esset
540 1688 675 1756 oblivisci,
689 1707 772 1764 quam
785 1697 888 1745 tacere.

192 1792 249 1852 111.
289 1792 373 1851 Nunc
393 1793 506 1864 demum
518 1793 591 1849 redit
604 1793 728 1851 animm:
749 1802 777 1851 et
796 1810 965 1869 quamquam
984 1791 1046 1867 pri·

151 1918 198 1956 mo
226 1900 320 1956 statim
345 1900 497 1957 beatissimi
524 1897 628 1980 saeculi
655 1907 719 1977 ortu
746 1897 843 1956 Nerva
871 1898 975 1956 Caesar
998 1915 1046 1953 res

152 2004 219 2079 olim
240 2004 426 2063 dissociabiles
447 2005 598 2072 miscuerit,
617 2005 802 2083 principatum
822 2024 855 2062 ac
875 2004 1045 2070 libertatern,

153 2108 308 2198 augeatque
325 2109 449 2186 quotidie
471 2109 633 2166 felicitatem
653 2108 765 2187 imperii
782 2107 879 2167 Nerva
895 2108 1047 2184 Trajanus,

152 2234 205 2272 nec
219 2234 296 2291 spem
305 2214 392 2271 inodo
406 2234 439 2272 ac
448 2213 690 2275 votumsecuritas
703 2213 814 2290 publica
828 2213 877 2271 sed
886 2214 972 2291 ipsius
986 2213 1049 2277 voti

151 2318 281 2375 fiduciam
304 2337 337 2375 ac
360 2319 446 2383 robur
469 2306 666 2395 adsumpserit,
691 2327 791 2376 natura
813 2327 907 2376 tamen
928 2317 1049 2374 infirmi·

153 2423 219 2479 tatis
232 2422 369 2479 humanae
382 2422 505 2479 tardiora
518 2432 584 2480 sunt
597 2423 727 2490 remedia,
741 2443 824 2501 quarn
844 2424 936 2492 mala3
956 2428 1051 2490 et,'ut
1112 2472 1113 2475 ,

155 2519 271 2604 corpora
282 2527 358 2585 lente
371 2536 533 2604 augescunt,
555 2529 615 2586 cito
630 2529 853 2605 exstinguuntur,
871 2529 912 2586 sio
923 2529 1050 2604 'ingenia

155 2633 483 2712 studiaque'oppresseris
497 2634 615 2703 facilius,
637 2631 720 2711 quam
738 2635 922 2691 revocaveris.
965 2632 1050 2691 Subit

155 2731 256 2808 quippe
279 2731 363 2788 etiam
386 2731 472 2809 ipsius
498 2732 615 2789 inertiae
640 2731 765 2801 dulcedo,
793 2741 828 2789 et·
844 2732 934 2789 invisa
955 2732 1050 2807 primo

156 2832 261 2891 desidia
273 2842 414 2910 postremo
430 2842 548 2891 amatur.
589 2834 689 2899 Quid?
711 2837 735 2892 si
755 2856 806 2913 per
823 2836 982 2913 quindecim
996 2857 1050 2894 an-

155 2956 216 3007 nos,
229 2916 334 3014 graia
347 2940 473 2997 morans
487 2941 548 2998 aevi
560 2942 687 3018 spatium,
701 2942 914 3001 murcianum
926 2944 1050 3010 curam,

155 3040 377 3120 promptissimus
390 3045 508 3121 quisque
529 3047 644 3103 saevitia
660 3047 801 3125 principis,
822 3048 1049 3106 interciderunt?

157 3147 251 3215 Pauci,
264 3157 296 3205 ut
309 3150 348 3206 ita
362 3148 486 3218 dixerim,
499 3169 557 3207 non
570 3150 653 3208 modo
673 3150 800 3219 aliorum,
823 3151 872 3209 sed
885 3153 969 3208 etiam
983 3171 1051 3209 nos·

155 3253 192 3310 tri
206 3255 367 3331 superstites
382 3273 494 3322 sumus3
514 3258 650 3334 exemptis
672 3277 688 3314 e
711 3257 802 3314 media
821 3258 880 3315 vita
897 3266 939 3313 tot
957 3259 1050 3326 annia

156 3359 256 3436 quibus
275 3360 439 3435 juvenesad
457 3369 637 3430 senectutem,
658 3379 738 3418 senes
758 3380 845 3439 prope
863 3360 898 3417 ad
911 3356 988 3436 ipsos
1002 3380 1053 3417 ex·

155 3472 234 3522 actae
253 3465 350 3521 aetatis
364 3465 507 3538 terminos,
521 3484 571 3541 per
588 3465 729 3523 silentium
745 3465 881 3522 venimus.
923 3463 990 3521 Non
1004 3472 1062 3533 ta,

156 3587 221 3625 men
248 3569 362 3645 pigebit,
390 3568 435 3625 vel
462 3568 603 3627 incondita
629 3588 662 3626 ac
689 3568 752 3626 rudi
778 3589 856 3638 voce,
884 3562 1054 3626 memoriam
