2242 3992
543 70 553 125 t
594 63 819 131 auium·
896 64 899 77 ⁸

545 130 554 163 lx
894 128 899 145 Ι

730 147 740 181 f
791 186 832 217 ilh'x
865 190 867 193 l

328 354 506 397 ANNALwM
523 356 626 396 niara
647 356 669 395 1.
741 355 747 368 ’
925 338 965 396 69

22 568 23 571 ¹
84 494 207 572 privignis
228 505 297 566 erat,
310 497 379 555 illuc
399 506 499 556 cuncta
517 517 656 574 vergere:
673 497 757 566 filius,
776 498 894 576 conlega
912 500 964 556 im·

22 600 24 671 fl
83 600 150 674 perii,
163 619 278 659 consors
294 602 459 660 tribuniciae
477 604 622 680 potestatis
642 603 805 673 adsumitur,
819 605 965 682 omnisque

82 723 124 780 per
138 707 276 764 exercitus
294 714 451 765 ostentatur
465 732 473 776 ;
492 727 548 765 non
568 709 704 779 obscuris,
717 718 750 766 ut
763 719 853 780 antea,
866 713 964 768 matris

82 812 187 881 artibus,
214 813 265 870 sed
290 813 384 890 palam
408 813 531 871 hortatu.
580 813 655 872 Nam
682 834 777 873 senem
802 817 965 895 Augustum

82 915 233 976 devinxerat
248 920 328 988 adeo,
346 921 388 977 uti
407 930 537 997 nepotem
554 922 677 990 unicum,
692 922 849 999 Agrippam
863 923 964 982 Postu-

82 1040 158 1092 mum,
176 1025 205 1081 in
224 1025 345 1083 insulam
359 1026 518 1085 Planasiam
534 1028 692 1104 projiceret,
711 1028 809 1085 rudem
829 1047 896 1086 sane
914 1031 964 1087 bo·

81 1146 171 1186 uarum
182 1133 284 1188 artium
299 1141 328 1190 et
346 1134 446 1190 robore
464 1135 589 1210 corporis
603 1134 702 1191 stolide
714 1134 846 1203 ferocem,
859 1135 963 1193 nullius

22 1238 24 1321 l
81 1243 165 1294 tamen
188 1237 285 1315 flagitii
312 1249 484 1317 conpertum.
544 1241 586 1297 At
612 1239 726 1298 hercule
754 1241 963 1310 Germanicum,

22 1368 23 1371 ¹
82 1339 170 1400 Druso
192 1357 293 1413 ortum,
316 1354 379 1403 octo
403 1346 477 1423 apud
501 1345 634 1403 Rhenum
657 1345 812 1422 legionibus
832 1348 962 1424 inposuit,

22 1520 24 1531 A
82 1446 225 1526 adscirique
245 1470 296 1527 per
310 1450 486 1529 adoptionem
507 1471 525 1508 a
539 1453 653 1510 Tiberio
670 1454 771 1529 jussit;
794 1472 963 1530 quamquam

83 1563 149 1611 esset
168 1557 196 1613 in
217 1557 300 1615 domo
315 1558 422 1616 Tiberii
441 1558 515 1615 filius
536 1559 668 1635 juvenis3
689 1559 739 1616 sed
760 1578 816 1635 quo
836 1559 962 1636 pluribus

83 1661 248 1720 munimentis
272 1663 422 1721 insisteret.
464 1663 576 1721 Bellum
599 1683 633 1720 ea
655 1672 821 1740 tempestate
843 1665 961 1732 nullum,

82 1763 130 1820 nisi
153 1747 283 1826 adversus
308 1768 474 1838 Germanos,
503 1776 665 1847 supererat;
693 1769 845 1828 abolendae
872 1771 961 1845 magis

82 1860 199 1924 insamae
222 1869 259 1926 ob
282 1870 415 1927 amissum
440 1890 503 1927 cum
527 1869 679 1935 Quinctilio
700 1869 777 1926 Varo
801 1870 961 1937 exercitum,

85 1993 157 2050 quam
174 1979 302 2057 cupidine
319 1981 480 2057 proferendi
497 1981 606 2058 imperii
624 1988 673 2037 aut
692 1979 808 2055 dignum
824 1979 861 2036 ob
881 1998 961 2056 prae·

84 2080 167 2139 mium.
206 2083 294 2141 Domi
313 2104 360 2142 res
372 2085 555 2162 tranquillae;
571 2085 670 2142 eadem
685 2085 899 2160 magistratuum
912 2088 961 2151 vc&

22 2228 23 2235 κ
85 2185 186 2246 cabula:
202 2189 328 2266 juniores
348 2198 412 2267 post
433 2191 579 2248 Actiacam
599 2190 751 2258 victoriam,
776 2189 860 2246 etiam
881 2207 961 2246 senes

83 2286 194 2368 plerique
206 2294 280 2351 inter
293 2294 368 2351 bella
381 2295 483 2351 civium
502 2296 579 2353 nati:
599 2295 820 2372 quotusquisque
836 2295 961 2372 reliquus

84 2393 125 2466 qui
136 2413 191 2452 rem
204 2398 344 2475 publicem
356 2397 496 2457 vidisset?

118 2498 165 2557 lv.
203 2503 295 2580 Igitur
308 2524 390 2562 verso
403 2505 523 2562 civitatis
544 2513 627 2573 statu,
648 2505 718 2562 nihil
738 2524 857 2583 usquam
876 2506 960 2583 prisci

84 2609 107 2657 et
125 2604 221 2683 integri
244 2609 349 2667 moris:
370 2628 466 2667 omues
490 2618 573 2666 exuta
596 2610 762 2686 aequalitate
783 2611 863 2685 jussa
885 2609 961 2685 priu-

84 2708 143 2785 cipis
168 2712 350 2791 adspectare3
379 2715 458 2772 nulla
488 2715 517 2772 in
550 2734 682 2792 praesens
708 2714 867 2781 formidine,
894 2712 961 2770 dum

84 2810 219 2890 Augustus
233 2825 324 2876 aetate
337 2797 446 2889 validus
460 2834 545 2896 seque
564 2828 593 2876 et
611 2820 724 2876 domum
742 2827 770 2875 et
790 2834 887 2895 pacem
901 2834 961 2874 sus·

82 2922 197 2979 autaut„
247 2923 400 3002 Postquam
423 2935 555 3002 provecta
579 2925 639 3001 jam
666 2933 794 2982 senectus
820 2941 906 3000 aegro
933 2933 962 2981 et

82 3018 376 3104 corpere'iatigabatur,
390 3029 541 3105 aderatque
555 3028 619 3084 finis
639 3036 668 3085 et
686 3045 749 3104 spes
762 3046 861 3095 novae,
880 3027 962 3104 pauci

22 3134 23 3187 i
50 3170 51 3179 t
82 3125 148 3188 bona
159 3132 294 3192 libertatis
307 3135 447 3192 incassum
462 3134 617 3201 disserere;
640 3133 735 3210 plures
751 3132 858 3190 bellum
876 3151 961 3210 pave·

22 3204 38 3325 d.
83 3249 159 3305 scere,
181 3238 227 3296 alii
251 3208 474 3405 cuperesspffi
484 3240 574 3297 multo
591 3240 713 3296 maxima
730 3238 891 3296 inminentis
912 3238 961 3294 do-

22 3372 24 3423 5
83 3340 162 3399 minos
175 3346 258 3403 variis
272 3364 377 3404 rumori
396 3368 429 3404 us
444 3344 626 3429 differebant:
647 3357 751 3404 trucem
765 3346 923 3422 Apn'ppcm
936 3353 963 3400 et

22 3448 23 3455 ’
82 3446 226 3520 attentata
239 3454 390 3512 edessam
402 3440 472 3512 aad
478 3428 564 3511 aetate
577 3472 664 3528 neque
681 3471 777 3509 rerum
791 3449 961 3525 experientia

83 3564 164 3620 lautae
181 3564 246 3622 moli
260 3583 385 3641 parem:
412 3549 571 3625 Tiberium
582 3562 724 3639 Neronem
743 3569 888 3617 maturum
907 3576 960 3613 aa·
