2242 3992
144 387 201 448 102
417 410 433 443 x
515 407 662 448 rscrros.
692 426 929 550 W

172 545 238 604 LV.
259 546 356 604 Druso
363 545 493 616 Caesare,
501 546 677 605 C.Norban0
685 544 868 615 consultibus,
877 545 1037 603 decernitur

140 652 313 712 ‚Germanico
334 653 492 731 triumphus
512 661 643 710 manente
656 652 750 721 bello;
770 651 854 727 quod,
868 670 1037 729 quamquam

142 761 171 817 in
185 767 319 817 aestatem
333 779 442 817 summa
455 780 508 838 ope
522 761 646 837 parabat,
659 759 738 815 initio
751 759 826 816 veris
844 767 873 816 et
892 758 1037 835 repentino

142 866 171 922 in
187 866 285 924 Cattos
300 886 420 924 excursu
433 866 593 943 praecepit:
614 884 680 922 nam
694 884 758 941 spes
771 864 924 921 incesserat
937 862 1036 920 dissid-

144 990 191 1028 ere
202 971 310 1028 hostem
326 973 355 1029 in
367 971 529 1029 Arminium
543 989 576 1028 ac
592 970 746 1046 Segestem,
767 969 907 1047 insignem
929 978 1038 1026 utrum·

143 1094 199 1156 que
223 1076 340 1155 perfidia
362 1078 391 1133 in
415 1096 466 1135 uos
488 1086 536 1160 aut
556 1077 621 1135 fide.
663 1078 810 1135 Arminius
822 1078 952 1134 turbator
967 1077 1038 1136 Ger·

146 1184 275 1250 maniae}
297 1180 428 1258 Segestes
443 1186 551 1260 parari
570 1183 742 1242 rebellionem
761 1202 844 1260 saepe
863 1183 931 1240 alias
947 1191 976 1240 et
996 1202 1040 1240 su·

47 1308 49 1313 ’
144 1308 241 1366 premo
256 1288 392 1357 convivio,
407 1297 471 1365 post
484 1289 562 1366 quod
574 1290 604 1346 in
617 1280 695 1347 errba
716 1290 796 1358 itum,
811 1290 926 1367 aperuit,
942 1290 1039 1347 suasit·

145 1414 200 1473 que
208 1394 294 1463 Varo,
309 1405 341 1452 ut
352 1413 380 1451 ce
393 1404 419 1452 ct
432 1395 599 1453 Arminium
612 1406 638 1453 et
654 1406 751 1453 ceterm
758 1415 887 1471 proceres
899 1397 1018 1453 vinciret
1025 1414 1038 1458 ;

143 1500 218 1558 citit
247 1518 384 1558 ausuram
405 1500 513 1576 plebem
534 1501 716 1577 principibus
738 1502 847 1570 emotis,
878 1510 960 1575 etque
987 1499 1041 1575 spei

145 1618 252 1682 tempus
265 1606 343 1680 fore,
367 1623 420 1682 quo
441 1608 564 1664 crimino
587 1617 614 1664 ct
635 1608 761 1664 innoxios
784 1607 970 1663 discerneret.-
993 1603 1040 1661 sed

146 1712 238 1770 Varus
258 1711 317 1768 fato
338 1719 366 1768 et
387 1711 415 1768 vi
429 1712 553 1769 Arminii
567 1712 676 1770 cecidit.
719 1711 857 1789 Segestes,
871 1729 1041 1789 quamquam

141 1835 286 1875 consensu
293 1816 386 1892 gentis
400 1816 429 1872 in
442 1817 548 1874 bellum
562 1826 677 1886 tractus,
690 1817 795 1874 discors
805 1817 944 1885 manebat,
954 1817 1041 1874 auctis

146 1924 277 2001 privatim
299 1922 379 1991 odiis,
403 1923 479 1999 quod
502 1924 648 1982 Arminius
670 1924 757 1981 filiam
781 1925 841 2000 ejus
862 1922 910 1979 alii
932 1930 1041 1999 pactam

147 2037 286 2107 rapuerat,
311 2044 398 2106 gener
421 2028 528 2086 invisus
552 2028 658 2085 inimici
682 2028 792 2084 soceri:
820 2045 948 2102 quaeque
969 2023 1041 2102 apud

141 2134 299 2193 ‘concordes
312 2133 425 2190 vincula
438 2133 571 2202 caritatis,
587 2133 771 2209 ‘incitamenta
782 2132 888 2188 irarum
908 2129 983 2207 apud
1000 2130 1042 2186 in·

144 2243 243 2300 fensos
257 2251 345 2299 erant.

187 2345 268 2403 LVI.
310 2344 400 2422 Igitur
416 2343 601 2403 Gennanicus
620 2352 753 2422 quattuor
769 2343 904 2421 legiones,
919 2343 1043 2419 quinque

147 2451 321 2508 auxiliarium
338 2451 423 2518 milia,
438 2458 467 2507 et
479 2451 675 2508 tumultuarias
694 2459 821 2509 catervas
836 2450 1044 2509 Germanorum

148 2557 187 2614 cis
200 2555 332 2613 Rhenum
347 2554 506 2623 colentium,
517 2555 655 2613 Caecinae
668 2556 769 2614 tradit:
782 2555 899 2614 totidem
910 2556 1044 2632 legiones,

150 2662 289 2740 duplicem
303 2661 441 2718 sociorum
454 2680 604 2718 nnmerum
623 2662 683 2738 ipse
702 2660 797 2719 ducit:
818 2658 964 2739 positoque
985 2681 1045 2719 cas·

148 2769 216 2827 tello
239 2788 322 2846 super
345 2768 464 2845 vestigia
484 2768 594 2843 paterni
617 2767 748 2844 praesidii
769 2769 800 2824 in
821 2775 918 2824 monte
933 2768 1043 2835 Tauno,

149 2874 309 2951 expeditum
332 2874 484 2931 exercitum
507 2874 537 2929 in
562 2873 661 2931 Cattos
685 2874 766 2950 rapit,
791 2872 827 2931 L.
857 2874 986 2950 Apronio
1008 2872 1046 2929 ad

147 2979 315 3035 munitiones
329 2980 437 3035 viarum
451 2985 479 3034 et
493 2976 641 3033 fluminum
654 2976 761 3034 relicto.
792 2976 867 3033 Nam
882 2982 993 3057 (rarum
1002 2976 1044 3033 illi

149 3083 241 3155 caelo)
258 3083 380 3140 siccitate
399 3090 428 3139 et
446 3082 574 3139 amnibus
587 3081 702 3138 modicis
720 3081 887 3138 inoffensum
906 3082 962 3139 iter
981 3098 1045 3159 pro·

147 3196 313 3266 peraverat3
342 3189 500 3264 imbresque
524 3195 552 3244 et
576 3186 722 3243 flmniunm
749 3195 847 3244 auctus
873 3187 1044 3264 regredienti

147 3295 351 3352 metuebantur.
394 3291 449 3350 Sed
464 3291 554 3350 Cattis
576 3291 646 3349 adeo
669 3292 836 3369 improvisus
859 3291 982 3361 advenit,
1001 3300 1042 3359 ut,

148 3398 223 3476 quod
236 3396 406 3454 imbecillum
418 3405 508 3454 aetate
521 3415 555 3455 ac
568 3416 646 3462 sexu,
661 3398 756 3454 statim
770 3405 882 3474 captum
895 3407 945 3455 aut
958 3396 1042 3455 truci·

145 3505 243 3561 datum
257 3504 302 3559 sit.
342 3501 482 3560 Juventus
495 3501 600 3559 flumen
615 3501 760 3559 Adranam
773 3502 866 3559 nando
876 3503 1042 3568 tramiserat,

147 3608 345 3683 Romanosque
359 3613 473 3682 pontem
494 3606 648 3682 coeptantis
669 3607 820 3664 arcebant:
841 3606 906 3664 dein
919 3616 1043 3665 tormen·
