2242 3992
70 820 78 841 ⁸
172 797 594 892 CORNELII
646 800 936 892 TACI'PI

46 1040 61 1067 f

1 1113 2 1118 1
44 1086 47 1109 Ι

1 1131 2 1154 i

277 1027 320 1074 nu
337 1026 423 1086 sinn,
440 1028 602 1086 moninus
619 1028 833 1089 Ponunrsoun
880 1006 884 1011 ’

208 1203 557 1278 GERMANIAE
595 1206 886 1321 LIBELLUS

495 1394 616 1407 —

149 1504 335 1562 Grannum
354 1506 444 1581 omnis
462 1525 481 1562 a
504 1506 596 1603 Gallis
620 1504 773 1582 Raetisque
794 1513 823 1562 et
847 1505 998 1585 Pannoniis

111 1608 215 1667 Rheno
229 1619 258 1667 et
271 1574 404 1667 Dnnubid
417 1609 588 1679 fluminibus,
602 1629 619 1666 a
634 1609 768 1668 Sarmatia
783 1608 926 1686 Dacisque
939 1608 999 1665 mu·

108 1724 162 1773 tuo
186 1724 265 1773 metu
291 1724 341 1815 aut
365 1716 507 1774 montibus
534 1704 687 1793 separatur.
750 1713 873 1772 Cetera
879 1731 999 1769 oceanus

109 1820 208 1890 ambit,
220 1822 331 1880 latos
309 1806 386 1881 sinin
399 1831 428 1881 et
443 1795 621 1900 insularum
613 1840 740 1879 inmensa
758 1802 846 1897 spatia
865 1821 1001 1897 complec-
1066 1809 1070 1815 ⁴

11 1932 16 1943 “
110 1933 184 1994 tens,
211 1945 301 2004 nuper
326 1927 444 2004 oognitis
467 1927 636 2011 quibusdam
662 1925 792 2003 gentibus
819 1943 852 1980 ae
879 1924 1001 1999 regibus,

112 2047 184 2106 quos
212 2029 319 2087 bellum
345 2033 464 2123 aperuit.
522 2031 643 2127 Rhenus
674 2029 855 2087 Raeticanrm
886 2029 1002 2104 Alpium

110 2134 254 2193 inaooesso
266 2155 299 2192 ao
309 2137 452 2214 praecipiti
461 2138 566 2195 vertioe
575 2146 662 2205 ortiu,
672 2118 781 2192 modion
792 2131 886 2190 flexu
879 2152 907 2188 ιιι
920 2131 1002 2189 Occi·

14 2288 21 2301 .
110 2239 225 2299 dentem
237 2261 335 2300 versus
355 2242 565 2320 septentrionali
580 2260 684 2299 ooeano
703 2240 844 2323 misoetur
900 2213 1000 2297 Danu-

109 2346 176 2403 bius
199 2346 277 2405 molli
304 2357 333 2405 et
358 2347 511 2405 elementer
538 2347 613 2405 edito
638 2347 741 2404 montis
767 2320 940 2403 Abnobae
929 2328 999 2422 pigo

65 2478 70 2487 ·
109 2450 219 2507 effusus
228 2450 320 2528 plures
334 2451 451 2530 populos
466 2451 532 2520 adit,
554 2451 663 2509 donee
654 2470 685 2507 111
699 2451 847 2508 Ponticum
860 2470 937 2506 mare
950 2471 998 2507 sex

107 2555 386 2635 meatibuserumpit.
418 2557 574 2635 Septimum
583 2575 658 2615 emm
668 2577 699 2640 os
710 2555 856 2633 paludrbus
864 2544 1010 2614 hannem(

67 2686 72 2695 ·
154 2659 196 2718 11.
235 2661 314 2748 Ipsos
325 2663 482 2723 Germanos
492 2662 637 2740 indigenas
649 2662 821 2731 crediderim,
831 2663 999 2739 minimeque

110 2767 231 2845 aliarum
251 2769 378 2845 gentium
400 2768 565 2826 adventibus
589 2778 618 2826 et
643 2767 770 2845 hospitiis
796 2768 906 2836 mixtos,
935 2754 1001 2844 quia

108 2890 165 2928 neo
177 2879 253 2929 terra
274 2872 341 2929 olim
359 2872 409 2930 sed
432 2872 566 2931 elassibus
591 2872 799 2930 advehebantur
820 2874 869 2950 qui
891 2883 999 2931 mutare

28 2960 33 2969 ¹
90 2975 192 3065 'sedes
206 2977 395 3053 quaerebant:
416 2985 444 3034 et
457 2977 599 3035 inmensus
619 2977 698 3051 ultra
714 2986 800 3064 utque
820 2979 859 3036 sic
883 2978 999 3036 dixerim

108 3080 245 3138 adversus
266 3101 386 3140 oceanus
408 3066 479 3140 raris
500 3083 535 3140 ab
556 3083 623 3140 orbe
643 3092 739 3141 nostro
760 3085 877 3142 navibus
899 3086 999 3142 aditur.

18 3250 24 3263 Ι
108 3184 184 3249 Quis
203 3205 297 3262 porro,
318 3196 429 3266 praeter
446 3187 600 3265 perieulum
620 3186 726 3245 horridi
746 3196 774 3246 et
793 3190 882 3266 ignoti
903 3193 997 3261 maris,

17 3323 19 3332 ι
108 3289 184 3349 Asia
197 3298 246 3348 aut
267 3291 368 3351 Africa
387 3300 436 3350 aut
457 3292 539 3350 Italia
557 3292 662 3361 relicta,
683 3292 864 3351 Germaniam
884 3304 998 3372 peteret,

105 3395 260 3453 informem
285 3398 377 3466 terris,
400 3417 527 3475 asperam
548 3396 633 3466 eaelo,
659 3399 768 3456 tristem
788 3399 865 3456 cultu
885 3400 998 3475 adspec-

105 3509 207 3577 tuqne,
220 3502 274 3560 nisi
288 3503 312 3561 si
325 3502 418 3580 patria
433 3503 494 3560 sit?
537 3500 689 3561 Celebrant
699 3474 867 3561 carminibus
877 3503 999 3577 antiquis
