2242 3992
414 347 591 390 ιιιιιοιιι.
907 335 947 391 59
1044 342 1047 345 “

59 483 171 542 deducit.
204 486 250 543 Ibi
263 487 384 564 acceptis
398 486 549 555 obsidibus,
564 487 706 565 praelecto
720 487 816 546 classis
830 490 948 547 circum·

58 590 112 646 ceti
123 589 313 650 Britanniam
326 593 483 670 praecepit:
497 592 579 651 datae
592 592 629 650 ad
642 592 671 650 id
683 594 766 662 vires,
781 602 809 651 et
821 613 950 671 praeces·

15 680 16 683 ¹
60 703 125 752 serat
138 704 259 754 terror:
280 697 339 774 ipse
362 696 485 774 peditem
507 705 592 775 atque
616 699 723 775 equites
744 699 821 757 lento
841 700 948 768 itinere,

15 794 17 865 ἓ
59 819 107 874 quo
123 819 264 858 novarum
280 801 407 876 gentium
426 802 513 875 animi
532 803 594 878 ipsa
612 804 747 861 transitus
765 823 845 862 mora
861 814 950 863 terre·

60 914 158 974 rentur,
183 908 214 964 in
237 907 363 965 hibernis
385 908 496 990 locavit.
537 909 577 967 Et
601 910 684 968 simul
706 911 803 969 classis
829 913 951 971 secunda

15 1016 17 1105 ι
60 1020 221 1090 tempestate
243 1034 275 1072 ac
298 1014 375 1072 fama
396 1015 596 1073 Trutulensem
619 1025 731 1093 portum
754 1019 853 1087 tenuit,
876 1020 951 1076 unde

15 1108 17 1213 ι
61 1124 181 1199 proximo
194 1124 283 1181 latere
297 1123 460 1181 Britanniae
473 1123 547 1198 lcetp
563 1144 639 1181 emm
631 1125 782 1185 redierat.
974 1106 1006 1155 s

15 1230 17 1239 ’
96 1230 240 1288 XXXIX.
273 1231 360 1288 Hunc
373 1250 468 1289 rerum
482 1252 605 1302 cursum,
616 1246 787 1357 quamquam
798 1235 876 1292 nulla
888 1254 952 1293 ver-

61 1341 154 1397 borum
169 1341 307 1417 jactantia
327 1344 451 1420 epistolis
467 1345 619 1422 Agricolae
638 1329 761 1415 auitum,
778 1356 810 1425 ut
830 1346 951 1405 Domiti·

62 1467 109 1505 ano
127 1451 218 1507 moris
245 1460 313 1520 erat,
340 1453 434 1525 flente
454 1453 553 1539 laetus,
574 1463 686 1567 pectore
713 1456 811 1513 anxius
835 1459 951 1541 excepit.

62 1558 150 1618 Inerat
175 1560 354 1629 ιιιιιιιιιιιιι,
380 1561 484 1619 derisui
502 1562 591 1620 titisse
610 1548 703 1641 nuper
719 1564 822 1622 falsum
843 1570 859 1622 e
880 1565 952 1624 Ger-

62 1666 147 1723 mania
165 1665 350 1743 triumphurn,
368 1669 468 1744 emptis
488 1687 539 1744 per
557 1670 722 1738 conmercia
737 1690 856 1749 quorum
874 1671 952 1728 habi-

63 1779 103 1828 tus
123 1780 151 1829 ιι
181 1772 272 1828 crines
295 1772 325 1828 in
347 1773 520 1859 captiromm
545 1775 665 1851 speciem
688 1754 895 1832 ffirmarentur·
888 1784 954 1833 ιιι

15 1925 18 1937 .
64 1896 131 1935 nunc
147 1896 246 1935 veram
264 1894 450 1955 magnamque
468 1880 622 1967 victoriam,
641 1887 683 1936 tot
700 1880 813 1937 milibus
831 1879 954 1939 hostium

65 1983 154 2048 caesis,
168 1982 366 2058 ingentifama
380 1982 524 2040 celebrari.
551 1950 600 2041 ld
618 1983 670 2040 sibi
688 1983 954 2041 maximeformido·
1056 2012 1060 2021 ·

18 2152 26 2171 ι
65 2085 157 2156 lesum,
184 2088 285 2165 privati
308 2087 429 2145 hominis
450 2108 553 2155 nemen
578 2068 662 2191 supra
684 2089 816 2166 principis
840 2082 1010 2146 adtolli:

15 2242 24 2283 ι
65 2178 165 2306 ιιιιιιι
178 2194 271 2298 stpdia
283 2195 339 2252 fori
358 2203 387 2252 ιι
406 2196 529 2271 civilium
547 2172 650 2261 artiuin
668 2195 777 2253 decus
769 2213 799 2252 ιιι
814 2194 956 2251 silentium

15 2280 73 2309 ”
65 2271 146 2369 ecla,
151 2290 178 2358 si
178 2270 350 2373 militarem
372 2300 506 2375 gloriam
514 2301 585 2401 alips
587 2309 777 2396 ιιιιιιιιιιιι
807 2308 836 2357 ιι
864 2309 957 2358 cetera

15 2432 16 2487 j
64 2412 201 2482 utcunque
228 2403 338 2468 facilius
362 2342 617 2472 (lismoi.
560 2405 638 2463 ducis
661 2405 728 2463 boni
750 2407 957 2482 imperatoriam

15 2520 16 2579 j
65 2511 194 2596 virtutem
208 2530 278 2609 esee.
320 2512 436 2569 Talibus
455 2513 529 2570 curis
548 2476 695 2582 exercitus,
710 2513 840 2590 quodque
858 2528 957 2571 saevae

15 2660 38 2683 ι.
66 2622 247 2698 cogitationis
252 2621 386 2679 iudicium
402 2629 470 2690 erat,
485 2629 593 2679 secreto
611 2640 662 2677 suo
683 2621 808 2688 satiatus,
823 2623 957 2698 optimum

15 2762 16 2767 ι
42 2710 46 2721 ’
65 2724 262 2802 inpraesentia
282 2726 395 2795 statuit,
404 2702 541 2803 inponere
559 2725 663 2794 odium,
678 2725 766 2783 donec
783 2727 895 2802 inpetus
915 2727 958 2783 fa-

65 2846 123 2886 mae
152 2841 181 2890 et
203 2832 284 2891 favor
311 2832 449 2889 exercitus
473 2831 684 2907 languesceret:
705 2850 771 2889 nam
792 2833 876 2890 etiam
897 2843 958 2891 tum

15 2972 17 2995 ι
67 2935 201 3011 Agricola
214 2937 390 2998 Britanniam
404 2938 555 2996 obtinebat.

15 3076 17 3115 ι
103 3040 169 3099 XL.
219 3042 311 3119 Igitur
326 3043 510 3119 triumphalia
529 3055 693 3102 emcmeeta
710 3055 736 3103 et
755 3045 882 3104 inlecta
904 3052 959 3107 etc-

65 3159 128 3208 tnee
151 3152 279 3210 tanmem
305 3160 332 3211 et
356 3154 496 3239 quidquid
508 3172 567 3231 pro
590 3154 730 3229 triumpho
754 3156 846 3223 datur,
870 3158 959 3216 mnlto

66 3257 215 3316 verberum
212 3244 336 3373 honore
349 3242 497 3329 cumulata,
513 3259 646 3317 decerni
638 3278 667 3316 ιιι
681 3268 780 3316 senatu
790 3261 890 3337 jubet:
911 3264 959 3321 ‘ad-

67 3341 211 3439 ιιίιιιιψιι
170 3336 284 3445 ιιιιιιριι
304 3367 471 3450 opinionem,
485 3360 602 3444 Syriam
618 3366 789 3442 provinciam
809 3368 960 3444 Agricolae

68 3465 210 3539 destinari,
234 3482 352 3530 vacuam
370 3481 431 3530 tum
448 3481 538 3529 morte
553 3472 636 3530 Atilii
655 3471 732 3540 Rufi,
755 3472 917 3541 consularis,
931 3486 960 3531 et

67 3571 219 3646 majoribus
232 3583 413 3634 reservatam.
455 3572 608 3636 Credidere
628 3577 762 3654 plerique,
777 3577 959 3635 libertumex
1041 3626 1042 3629 ,
