2242 3992
421 361 597 407 asamona·
917 344 956 401 45

76 497 156 555 media
165 500 223 575 jam
234 508 339 559 aestate
352 508 545 576 transgressus
561 498 698 576 Agricola
712 490 830 565 invenit,
847 515 912 555 eum
929 500 959 553 et

77 603 174 673 milites,
202 605 280 663 velut
310 605 414 663 omissa
440 604 625 682 expeditione,
653 603 689 660 ad
716 603 902 669 securitatem,
929 612 958 658 et

76 706 157 766 hostes
175 710 213 767 ad
232 711 415 779 occasionem,
435 719 621 768 verterentur.
667 708 840 767 Ordovicum
860 708 957 765 civitas

75 812 139 873 hand
160 816 250 875 multo
271 825 336 874 ante
359 816 510 873 adventum
533 816 604 891 ejus,
624 814 698 871 elam
720 814 750 869 in
773 812 874 870 finibus
900 813 957 869 suis

75 924 201 994 agentem,
235 940 321 998 prope
354 922 514 978 universam
547 920 720 977 obtriverat:
743 937 843 996 'eoque
876 918 955 975 initio

76 1033 157 1083 erecta
172 1027 325 1103 provincia,
338 1027 485 1103 atquibus
504 1026 611 1083 bellum
631 1025 788 1083 volentibus
808 1033 877 1091 eret,
891 1042 956 1101 pro·

75 1129 130 1187 bare
156 1132 314 1209 exemplum
340 1140 389 1189 aut
412 1132 533 1189 recentis
557 1131 644 1207 legati
671 1132 795 1188 animum
826 1130 955 1206 opperiri.

77 1234 139 1293 'lum
152 1237 498 1314 Agricola-quamquam
517 1245 659 1294 transacta
677 1246 778 1305 aestas,
799 1236 888 1313 sparsi
906 1253 955 1311 per

21 1344 23 1423 l
76 1341 234 1414 provinciam
251 1342 370 1411 numeri,
384 1347 564 1419 praesumpta
577 1341 652 1419 apud
664 1342 783 1399 militem
795 1341 870 1397 illius
889 1339 954 1397 anni

21 1444 154 1547 quies
166 1445 262 1529 (tarda
286 1456 314 1507 et
338 1444 477 1505 contraria
499 1447 606 1505 bellum
628 1446 821 1519 incohatum),
834 1456 871 1504 et
894 1446 953 1523 ple·

21 1549 155 1626 risque
178 1552 312 1610 custodiri
334 1561 465 1630 suspecta
485 1554 581 1630 potins
595 1553 822 1611 videbatur-ire
843 1554 954 1610 obviam

21 1632 23 1721 l
77 1653 213 1715 discrimini
241 1658 358 1725 statuit;
389 1658 595 1734 contractisque
621 1657 764 1734 legionum
790 1638 899 1717 vetillis
927 1664 955 1713 et

74 1761 171 1820 modice
190 1762 357 1821 auxiliorum
379 1783 474 1831 manu,
488 1763 554 1840 quia
577 1764 607 1820 in
627 1783 747 1840 aequum
768 1763 882 1840 degredi
896 1762 953 1821 Or·

21 1868 23 1939 ζ
74 1864 172 1928 dovioes
185 1887 243 1926 non
261 1868 410 1936 audebant,
424 1869 484 1946 ipse
502 1878 567 1926 ante
586 1888 765 1945 agmenque
782 1868 882 1925 ceteris
902 1886 953 1944 par

21 1962 24 2053 i,
75 1971 169 2031 animus
196 1973 280 2033 simili
305 1974 430 2050 periculo
457 1982 539 2043 esset,
567 1973 656 2032 erexit
682 1973 788 2040 aciem;
818 1991 953 2048 caesaque

76 2094 148 2155 prope
165 2081 298 2137 universa
318 2087 411 2156 gente,
434 2099 493 2137 non
519 2080 643 2156 ignarus,
666 2077 827 2136 instandum
850 2077 950 2143 famae,

76 2200 109 2250 ac,
126 2194 205 2260 prout
224 2185 316 2263 prime
332 2185 490 2255 cessissent,
504 2185 567 2242 fore
583 2184 723 2251 universa,
738 2182 858 2241 Monam
875 2183 951 2239 insu·

77 2286 129 2358 lim,
149 2291 245 2370 (mjns
262 2291 438 2368 possessione
456 2298 620 2348 revocatum
634 2288 783 2346 Paulinum
800 2287 952 2345 rebellione

75 2393 146 2451 totius
163 2394 327 2453 Britanniae
346 2388 430 2471 supra
450 2392 620 2467 memoravi)
635 2394 763 2469 redigere
783 2393 812 2450 in
830 2403 952 2471 poteste-

76 2506 122 2556 tem
136 2502 228 2559 auimo
248 2501 376 2561 intendit.
419 2501 483 2569 Sed,
504 2501 585 2558 utin
606 2500 698 2558 dubiis
716 2500 849 2566 consiliis,
866 2517 952 2556 naves

75 2601 193 2674 deerant3
212 2606 286 2663 ratio
307 2614 335 2663 et
360 2606 517 2664 constantia
540 2606 619 2663 ducis
642 2605 805 2685 transvexit.
856 2603 953 2680 Depo·

77 2708 124 2766 sitis
149 2712 277 2768 omnibus
304 2711 429 2779 sarcinis,
449 2711 615 2769 lectissimos
643 2708 827 2778 auxiliarium,
851 2710 952 2786 quibus

25 2834 27 2917 p
76 2822 130 2873 nota
150 2817 221 2875 vada
244 2826 273 2875 et
292 2819 398 2895 patrius
418 2817 505 2874 nandi
524 2837 602 2886 usus,
627 2836 683 2893 qno
707 2815 790 2873 simul
814 2834 900 2891 seque
923 2825 952 2873 et

25 2940 26 2945 ¹
75 2935 139 2978 time
156 2931 184 2979 et
203 2941 292 2998 equos
312 2930 423 2998 regrmt,
443 2923 483 2979 ita
502 2930 618 2998 repente
637 2921 751 2988 inmisit,
770 2928 802 2977 ut
822 2922 953 2998 obstupe·

25 3030 27 3087 ι
75 3021 129 3082 lacti
140 3026 243 3095 hostes,
257 3026 306 3103 qui
324 3027 451 3095 classem,
465 3027 513 3103 qui
532 3047 626 3095 naves,
646 3028 695 3103 qui
713 3046 791 3084 mare
811 3036 953 3104 exspecta·

26 3152 28 3223 ,
75 3126 136 3199 bant,
145 3132 215 3189 nihil
225 3131 344 3188 arduum
357 3141 406 3189 aut
418 3132 553 3189 invictum
564 3131 733 3189 crediderint
746 3132 786 3189 sic
798 3131 836 3188 ad
848 3133 953 3190 bellum

74 3237 242 3296 venientibus.
283 3236 328 3295 Ita
340 3238 427 3314 petita
442 3257 510 3314 pace
534 3258 568 3295 ac
586 3237 680 3296 dedite
696 3239 796 3306 insula
812 3239 903 3296 clarus
921 3258 953 3296 ac

76 3355 177 3418 magnus
190 3343 288 3401 baberi
303 3344 448 3420 Agricola,
469 3345 572 3421 quippe
590 3344 636 3409 cui
652 3345 820 3422 ingredienti
840 3346 952 3421 pro'vin·

76 3444 141 3516 tiam,
154 3449 229 3526 quod
241 3458 351 3526 tempus
365 3449 413 3506 ulii
426 3467 476 3526 per
494 3450 717 3518 ostentationem,
731 3459 780 3507 aut
797 3449 952 3506 officiorum

75 3552 194 3612 ambitum
224 3555 394 3631 transigunt,
429 3555 509 3613 labor
542 3564 571 3613 et
604 3556 758 3632 perieulum
792 3553 949 3630 placuisset.
