2242 3992
427 305 611 349 crannum.
933 287 968 344 17
1053 280 1055 285 ’

26 466 27 549 l
97 446 193 526 poitur,¹
204 473 273 531 quos
291 472 358 513 rnox
377 454 451 513 inter
472 476 503 514 se
523 456 676 515 secundum
695 452 883 533 dignationem
904 452 968 532 par·

25 902 27 981 l

96 558 203 620 tiunturt
235 562 399 620 facilitatem
428 565 566 642 partiendi
589 584 749 643 camporum
777 565 865 642 spatia
888 576 967 641 pra'e-

95 671 162 721 stant.
198 666 278 725 Arva
295 687 346 745 per
361 688 451 726 annos
472 679 601 738 mutant;
621 679 650 727 et
666 679 793 747 superest
806 688 895 746 ager:
915 688 968 725 nec

94 768 153 824 enim
165 790 225 827 cum
237 772 365 829 ubertate
378 782 407 830 et
421 774 602 851 amplitudine
616 775 669 832 soli
682 774 777 832 labore
788 773 966 839 contendunt,
1058 752 1061 759 ⁵

93 880 117 928 ut
127 877 242 951 pomaria
256 887 404 941 conserant
418 888 447 936 et
459 888 540 956 prata
557 888 688 958 separent
701 888 729 936 et
742 879 839 936 hortos
857 880 967 954 rigent:

92 978 139 1035 sola
149 988 236 1040 terrae
251 1001 332 1058 seges
343 984 505 1060 imperatur.
546 985 631 1045 Unde
640 1005 745 1045 anuum
755 1004 865 1062 quoque
875 985 966 1062 ipsum

91 1100 135 1142 non
145 1085 171 1142 iu
183 1087 302 1144 totidem
315 1087 446 1164 digerunt
459 1091 585 1166 species:
605 1090 696 1149 hiems
710 1099 738 1147 et
758 1109 808 1146 ver
828 1098 857 1147 et
875 1099 965 1147 aestas

90 1186 243 1249 intellectum
261 1212 295 1249 ao
313 1193 450 1251 uocabula
470 1193 595 1253 habeut:
611 1172 757 1253 ¹auctumni
778 1192 893 1271 perinde
916 1213 966 1249 no-

91 1319 142 1358 nen
153 1323 183 1360 ac
195 1305 271 1362 bona
282 1305 458 1381 ignorantur.

121 1406 238 1469 XXVII.
288 1410 431 1469 Funerum
443 1411 522 1470 nulla
534 1413 649 1470 ambitio
660 1434 668 1471 ι
688 1412 718 1469 id
732 1413 821 1470 solum
835 1415 965 1470 observa-

52 1559 55 1564 ,
90 1519 133 1580 tur,
144 1522 173 1570 ut
186 1534 303 1593 corpora
316 1515 455 1574 clarorum
468 1518 594 1575 virorum
607 1518 690 1575 certis
703 1517 786 1593 lignis
800 1528 967 1576 crementur.

91 1615 185 1676 Struem
197 1622 260 1697 rogi
274 1641 326 1678 nec
346 1623 482 1691 vestibus,
502 1642 554 1680 uec
574 1623 716 1691 odoribus,
736 1621 895 1680 cumulant:
916 1604 966 1679 sua

90 1723 173 1800 urique
192 1746 281 1797 arma,
303 1727 479 1803 quorundam
502 1729 607 1804 igniet
626 1746 715 1806 equus
736 1727 876 1803 adjicitur.
917 1725 967 1784 Se·

90 1842 198 1916 pulcmm
230 1864 328 1922 cespes
361 1846 453 1921 erigit.
515 1845 767 1903 Monumentorum
793 1845 911 1901 arduum
938 1854 967 1902 et

90 1966 219 2023 operosum
238 1951 384 2019 bonorem,
403 1960 436 2008 ut
450 1970 567 2027 gravem
576 1949 732 2031 defunctis,
756 1948 966 2025 adspernantur.

90 2050 209 2119 lamenta
236 2077 272 2115 ac
294 2057 422 2115 lacrimas
446 2057 510 2126 cito,
529 2055 654 2113 dolorem
674 2063 702 2112 et
724 2053 865 2111 tristitiam
886 2054 966 2112 tarde

90 2169 189 2231 ponunt.
230 2161 354 2219 Feminis
365 2161 462 2237 lugere
471 2160 621 2217 honestum
635 2167 677 2216 est
688 2182 696 2226 3
715 2153 791 2215 viris
797 2160 967 2216 meminisse.

90 2259 157 2322 Haec
172 2266 203 2327 in
227 2286 376 2324 commune
394 2265 430 2323 de
449 2267 575 2324 omnium
594 2265 801 2323 Germanorum
815 2264 921 2340 origine
934 2285 967 2322 ao

88 2369 196 2428 moribus
210 2371 388 2447 accepimus:
408 2389 482 2427 nunc
501 2368 675 2444 singularum
691 2369 817 2444 gentium
837 2369 965 2428 instituta
1062 2408 1064 2412 ,

85 2472 205 2553 unisque,
223 2486 361 2554 quatenus
385 2476 522 2545 differant,
543 2494 615 2553 quae
633 2475 760 2533 nationes
776 2494 793 2531 e
810 2475 964 2533 Germania

88 2575 225 2641 inGallias
240 2581 493 2657 commigraverint,
506 2580 659 2659 expediam.
756 2593 774 2664 '¹

117 2687 259 2748 XXVIII.
299 2689 457 2747 Validiores
471 2689 538 2748 olim
552 2689 700 2748 Gallorum
714 2707 759 2745 res
772 2689 869 2757 fuisse,
891 2709 966 2746 smn-

36 2876 41 2885 Ι
86 2814 137 2856 mira
156 2808 303 2859 auctorum
324 2797 403 2856 divus
417 2796 512 2856 Julius
531 2797 635 2857 tradit:
656 2817 744 2874 eoque
763 2798 895 2856 credibile
912 2810 979 2869 εει,γ

85 2904 157 2961 etiam
176 2904 279 2964 Gallos
300 2904 330 2960 in
353 2903 533 2962 Germaniam
553 2912 760 2979 transgressos„
776 2946 778 2950 Α
793 2903 967 2967 Quantulum

84 3010 147 3068 enim
158 3013 251 3070 amnis
265 3011 403 3079 obstabat,
424 3029 481 3086 quo
498 3010 599 3078 minus,
620 3017 653 3066 ut
668 3027 795 3085 quaeque
814 3026 886 3082 gens
903 3027 966 3066 eva·

85 3113 171 3187 luerat,
185 3125 335 3195 oocuparet
348 3124 574 3194 permutaretque
588 3115 677 3183 sedes,
691 3115 862 3191 promiscuas
875 3114 965 3171 adhuc

84 3222 192 3280 etnulla
208 3241 360 3298 regnorum
379 3220 503 3297 potentia
519 3202 652 3277 diuisas?
693 3218 784 3293 Igitur
803 3218 876 3275 inter
890 3219 966 3275 Her·

84 3328 183 3402 cyrtam
196 3328 296 3385 silvam
311 3326 501 3404 Rhenumque
514 3333 543 3383 et
561 3325 698 3382 Moenum
717 3343 812 3381 amnes
831 3322 966 3390 Helvetii,

84 3429 206 3492 ulteriora
226 3434 297 3504 Boii,
324 3434 434 3493 Gallica
456 3441 575 3510 utraque
598 3453 677 3508 gens,
700 3441 825 3489 tenuere.
864 3430 967 3487 Manet

83 3539 166 3600 adhue
181 3543 297 3603 Boiema'
316 3561 428 3613 nornen,
442 3541 633 3618 significatque
653 3539 707 3596 loci
722 3545 845 3595 veterem
863 3552 969 3590 merno-

710 3661 728 3703 c
748 3644 768 3698 3
