2242 3992
56 276 58 281 ’
149 284 185 341 18
517 299 664 343 racirus.

143 446 226 515 riam,
240 446 366 523 quamvis
380 446 493 504 mutatis
507 446 671 504 cultoribus
725 444 782 503 Sed
794 453 890 502 utrum
907 443 1041 503 Aravisci

148 556 177 612 in
191 555 364 613 Pannoniam
376 555 411 613 ab
427 554 502 623 Osis,
527 554 735 613 Germanorum
747 552 868 619 natione,
886 571 923 609 an
937 551 991 611 Osi
1003 552 1042 610 ab

149 662 293 721 Aravisms
313 663 343 719 in
367 662 556 731 Germaniam,
578 662 830 737 commigraverint,
855 676 918 718 eum
942 660 1042 717 ecdem

148 769 240 826 adhuc
253 789 389 838 sermone,
402 770 545 839 institutis,
555 770 680 827 moribus
692 777 816 837 utantrn,
826 769 966 826 incertum
979 778 1042 826 est:

150 875 223 950 quia,
243 876 305 952 pari
322 876 390 932 olim
410 877 502 953 inopia
521 896 554 934 ac
574 877 712 945 libertate,
732 876 830 933 eadem
843 876 991 952 utriusque
1004 876 1043 932 ri·

149 997 201 1054 pac
216 978 293 1058 'bona
311 979 439 1057 malaque
459 989 547 1037 erant.
589 981 707 1038 Treveri
726 988 755 1037 et
780 978 879 1037 Nervii
898 981 973 1038 circa
993 979 1044 1037 ad·

147 1082 327 1140 sectationem
354 1084 539 1142 Germanicae
564 1085 680 1161 originis
702 1085 777 1142 ultro
803 1085 943 1142 ambitiosi
967 1094 1043 1153 sunt,

147 1195 299 1265 tamquam,
323 1187 458 1266 perhanc
471 1188 590 1263 gloriam
610 1189 763 1265 sanguinis,
782 1209 799 1245 a
817 1188 999 1246 shniliturline
1016 1196 1044 1245 et

148 1294 249 1350 inertia
262 1293 409 1352 Gallorum
424 1303 595 1371 separentur.
644 1295 739 1372 Ipsam
753 1294 848 1353 Rheni
861 1296 952 1372 ripam
966 1293 1045 1353 haud
1107 1294 1108 1297 ’

151 1397 233 1455 dubie
254 1398 460 1457 Germanorum
483 1399 578 1476 populi
600 1399 703 1469 colunt,
725 1400 894 1476 Vangiones,
920 1400 1045 1467 Triboci,

151 1503 294 1563 Nemetes.
335 1505 380 1563 Ne
391 1506 459 1566 Ubii
473 1506 594 1583 quidem,
608 1527 775 1585 quamquam
790 1508 920 1567 Romana
933 1507 1044 1565 colonia

149 1587 211 1672 gase
228 1616 388 1685 meruerint,
402 1636 435 1673 ac
450 1615 582 1673 libentius
596 1617 816 1693 Apriopineaacs
829 1616 981 1674 conditoris
997 1617 1042 1674 sui

148 1723 260 1779 nomine
273 1732 416 1793 vocentur,
429 1724 536 1800 origine
554 1724 730 1792 erubescimt,
744 1723 912 1799 transgressi
932 1723 1000 1780 olim
1013 1732 1042 1780 et

146 1834 336 1912 experimento
349 1833 414 1892 fidei
428 1853 512 1911 super
524 1834 613 1910 ipsam
627 1831 722 1891 Rheni
738 1835 827 1912 ripam
841 1832 988 1902 conlocati,
1009 1843 1042 1890 ut

148 1953 284 2014 arcerent,
297 1964 354 2002 non
367 1952 399 2002 ut
412 1943 627 2003 custodirentur.

188 2053 299 2110 XXIX.
346 2052 481 2110 Omnium
503 2051 605 2108 harum
627 2051 752 2126 gentium
774 2051 876 2109 virtute
898 2051 1041 2129 praecipui

148 2164 256 2231 Batavi,
269 2180 326 2219 non
338 2161 458 2218 multum
480 2178 513 2215 ex
530 2160 599 2236 ripa,
621 2159 671 2216 sed
690 2159 811 2217 insulam
829 2159 925 2217 Rheni
941 2161 1042 2231 amnis,

147 2268 250 2336 colunt,
271 2267 418 2326 Cattorum
436 2265 576 2342 quondam
594 2265 712 2341 populus
731 2273 760 2321 et
778 2265 914 2323 seditione
932 2265 1043 2323 domes-

145 2375 202 2432 tica
214 2375 243 2429 in
262 2392 309 2430 eas
331 2370 410 2428 sedes
434 2380 635 2446 transgressus,
657 2373 687 2427 in
708 2372 811 2448 quibus¹
830 2391 895 2448 pars
919 2372 1043 2430 Romani

148 2479 256 2556 imperii
269 2476 387 2535 herent.¹
419 2476 520 2534 Manet
539 2475 628 2533 honos
649 2485 678 2534 et
700 2477 831 2553 antiquae
845 2478 986 2536 societatis
1000 2478 1045 2535 in·

148 2587 246 2662 signe:
273 2605 338 2643 nam
359 2604 411 2642 nec
430 2584 541 2640 tributis
562 2591 786 2652 contemnuntur,
806 2602 859 2641 nec
875 2582 1045 2661 publicanus

147 2693 267 2751 adierit:
293 2691 414 2769 exempti
426 2690 557 2748 oneribus
571 2699 600 2746 et
613 2689 827 2758 conlatiomhus,
847 2698 875 2746 et
888 2699 1000 2747 tantum
1014 2693 1046 2748 in

148 2815 230 2852 usum
251 2795 421 2872 proeliorum
442 2794 556 2871 sepositi
578 2793 655 2851 velut
678 2794 736 2851 tela
753 2801 837 2870 atque
857 2812 943 2863 arma,
960 2794 1046 2852 bellis

148 2908 335 2957 reservantur.
386 2899 439 2957 Est
460 2900 490 2970 in
512 2899 610 2956 eodem
632 2899 766 2975 obsequio
788 2909 817 2956 et
839 2898 1047 2957 Mattiacorum

149 3024 229 3080 gens.
275 3004 396 3063 Protulit
417 3007 491 3063 enim
512 3006 674 3082 magnitudo
699 3006 800 3083 Populi
824 3006 946 3064 Romani
967 3008 1049 3068 ultra

151 3108 292 3176 Rhenum,
320 3109 448 3186 ultraque
476 3118 584 3167 veteres
611 3112 755 3180 terminos,
779 3111 888 3188 imperii
912 3131 1050 3169 reveren-

148 3213 226 3269 tiam.
267 3212 313 3270 Ita
326 3212 391 3270 sede
405 3213 562 3289 finibusque
575 3215 604 3270 in
619 3222 668 3272 sna
688 3216 757 3292 ripa,
779 3225 875 3273 mente
893 3217 1049 3293 animoque

149 3318 293 3375 nobiscum
312 3327 407 3394 agunt,
427 3326 519 3376 cetera
539 3319 644 3376 similes
665 3318 790 3389 Batavis,
809 3321 864 3377 nisi
889 3319 965 3397 quod
981 3322 1050 3398 ipso

149 3420 240 3478 adhuc
253 3430 344 3481 terrae
359 3442 424 3480 suae
439 3423 498 3480 solo
512 3431 540 3479 et
554 3423 631 3482 caelo
653 3424 744 3481 acrius
763 3425 931 3482 animantur.
972 3424 1047 3485 Non

142 3532 351 3590 .numeraverim
364 3532 438 3589 inter
452 3531 621 3613 Germaniae
634 3531 761 3608 populos,
779 3552 949 3612 quamquam
961 3544 1049 3597 traua
1107 3534 1108 3567 ³
