2242 3992
381 378 558 422 cassalun
580 376 677 421 urana
698 380 721 421 1.
960 361 999 418 89

111 518 235 576 indicium
258 518 354 595 magni
375 527 460 595 atque
483 518 658 596 inplacabilis
682 525 784 586 motus,
806 516 882 595 quod
907 533 1000 592 neque

110 624 220 700 disjecti,
234 643 287 681 nec
300 642 454 701 paucorum
467 624 611 692 instinctu,
625 622 675 680 sed
693 623 798 699 pariter
813 621 1000 686 ardescerent,

109 728 206 803 pariter
223 728 357 797 silerent;
376 736 456 786 tanta
474 728 642 807 aequalitate
663 736 692 786 et
712 728 877 796 constantia,
891 735 923 783 ut
939 725 1000 801 regi

106 831 240 889 crederes.

142 936 286 996 XXXIII.
326 937 439 996 Interea
447 940 617 999 Germanico
631 958 682 1017 per
696 938 813 1007 Gallias,
824 946 856 994 ut
869 935 999 1005 diximus,

107 1061 201 1100 census
222 1042 373 1121 adcipienti
393 1046 544 1102 excessisse
564 1045 727 1121 Augustum
745 1042 880 1100 adfertur.
921 1040 999 1118 Nep-

107 1155 160 1204 tem
182 1149 247 1225 ejus
271 1148 460 1227 Agrippinam
482 1150 513 1207 in
535 1149 722 1218 matrimonio,
740 1147 891 1226 pluresque
911 1165 945 1202 ex
966 1164 1000 1201 ea

106 1251 205 1309 liberos
232 1252 364 1311 habebat.
417 1253 483 1332 Ipse
511 1254 609 1312 Druso
636 1254 724 1311 fratre
746 1252 852 1311 Tiberii
878 1251 1000 1328 genitus,

107 1358 251 1435 Augustae
264 1378 372 1436 nepos;
391 1360 441 1418 sed
454 1360 552 1418 auxius
567 1359 683 1417 occultis
703 1359 733 1416 in
753 1377 784 1415 se
803 1358 896 1435 patrui
909 1357 1001 1413 aviae·

106 1483 155 1540 que
169 1464 252 1533 odiis,
266 1485 385 1542 quorum
399 1487 498 1525 causae
517 1469 648 1536 acriores,
666 1467 732 1544 quia
749 1466 878 1543 iniquae:
899 1466 1002 1543 quippe

100 1568 193 1628 ,Drusi
205 1591 310 1648 magna
331 1572 405 1650 apud
418 1573 552 1650 populum
567 1573 690 1630 Romani
710 1573 853 1640 memoria,
869 1571 1001 1629 credeba-

105 1686 212 1753 turque,
222 1677 248 1732 si
257 1695 352 1733 rerum
362 1678 467 1754 potitus
474 1678 557 1746 foret,
566 1677 723 1735 libertatem
735 1676 912 1734 redditurus:
926 1676 1000 1733 unde

105 1780 130 1837 in
143 1781 347 1840 Germanicum
359 1783 441 1840 favor
453 1791 482 1841 et
496 1803 559 1861 spes
573 1783 678 1840 eadem
721 1781 796 1838 Nam
806 1781 905 1857 juveni
919 1780 1001 1837 civile

105 1888 255 1964 ingenium,
278 1888 350 1945 mira
372 1889 487 1946 comitas
511 1898 540 1946 et
563 1890 673 1946 diversa
693 1907 712 1946 a
731 1887 838 1945 Tiberii
862 1906 999 1956 sermone,

105 1993 190 2062 vultu,
205 1993 405 2070 adrogantibus
424 2002 453 2051 et
469 1994 606 2051 obscuris.
646 1993 832 2051 Adesdebant
849 1992 1000 2050 muliebres

105 2099 291 2167 obfensiones,
304 2099 498 2156 novercalibus
509 2099 608 2157 Liviae
621 2100 651 2155 in
662 2099 850 2176 Agrippinam
864 2097 982 2155 stimulis
993 2123 1000 2167 ;

104 2214 186 2281 atque
208 2204 270 2282 ipsa
285 2205 443 2281 Agrippina
461 2205 545 2282 paulo
566 2206 729 2275 conmotior,
748 2205 802 2262 nisi
821 2204 897 2282 quod
918 2205 1000 2262 casti-

103 2319 159 2367 tate
186 2317 216 2366 et
242 2310 336 2365 mariti
361 2329 457 2366 amore
480 2310 608 2387 quamvis
632 2310 798 2368 indomitum
822 2310 946 2367 animum
969 2310 1000 2367 in

103 2415 208 2472 bonum
223 2415 358 2472 vertebat.

142 2518 284 2576 XXXIV.
326 2518 383 2576 Sed
396 2520 592 2589 Germanicus,
606 2529 710 2597 quanto
725 2540 849 2578 summae
863 2521 922 2598 spei
936 2540 1001 2598 pro·

3 2700 4 2715 χ
103 2627 172 2703 pior,
187 2633 268 2682 tanto
291 2626 433 2702 inpensius
446 2645 498 2703 pro
513 2626 628 2684 Tiberio
646 2627 707 2683 niti.
749 2626 893 2703 Sequanos
907 2627 1001 2702 proxi-

3 2722 5 2805 ζ
103 2752 163 2790 mos
177 2740 207 2789 et
221 2731 374 2808 Belgarum
388 2732 514 2789 civitates
527 2733 557 2788 in
571 2733 658 2790 verba
671 2733 732 2808 ejus
746 2732 842 2808 adigit.
878 2730 1000 2800 Dehinc,

102 2838 198 2895 audito
217 2836 359 2913 legionum
376 2838 507 2907 tumultu,
521 2839 624 2916 raptim
643 2839 784 2916 profectus
806 2838 901 2894 obvias
922 2846 1002 2894 extra

102 2955 195 3002 castra
207 2943 314 3013 habuit,
328 2944 444 3021 dejectis
464 2945 494 3001 in
512 2954 617 3003 terram
630 2944 718 3001 oculis
731 2944 808 3001 velut
822 2944 1001 3020 poenitentia.

103 3050 260 3128 Postquam
282 3050 388 3107 vallum
411 3051 474 3108 iniit
498 3050 603 3108 dissoni
621 3058 736 3126 questus
754 3049 845 3106 audiri
866 3068 1001 3127 coepere:

102 3166 131 3214 et
155 3155 271 3234 quidam
294 3175 396 3232 prensa
416 3175 502 3213 manu
526 3157 587 3232 ejus
610 3174 659 3232 per
681 3155 802 3232 speciem
822 3154 1000 3213 exosculandi

101 3261 281 3318 inseruerunt
304 3261 416 3338 digitos,
430 3270 462 3319 ut
482 3280 571 3319 vacua
592 3260 720 3317 dentibus
745 3279 795 3318 ora
817 3261 1000 3337 contingeret,

101 3366 149 3423 alii
175 3374 291 3424 curvata
314 3367 391 3424 senio
418 3368 544 3424 membra
572 3364 764 3423 ostendebant.
808 3365 1001 3423 Adsistentem

104 3471 272 3539 contionem,
287 3472 353 3549 quia
373 3468 511 3549 permixta
528 3471 685 3540 videbatur,
698 3470 834 3528 discedere
854 3472 886 3527 ic
907 3469 1002 3524 meni-

3 3646 5 3661 *
100 3574 183 3652 pulos
205 3576 304 3652 jubete
334 3580 374 3636 sic
395 3576 495 3636 melius
516 3577 661 3635 audituros
683 3592 846 3650 responsum
857 3596 871 3640 ‚-
903 3570 1003 3628 vexillo
