<?xml version="1.0" encoding="UTF-8"?>
<!DOCTYPE html PUBLIC "-//W3C//DTD XHTML 1.0 Transitional//EN"
    "http://www.w3.org/TR/xhtml1/DTD/xhtml1-transitional.dtd">
<html xmlns="http://www.w3.org/1999/xhtml" xml:lang="en" lang="en">
 <head>
  <title>
</title>
<meta http-equiv="Content-Type" content="text/html;charset=utf-8" />
  <meta name='ocr-system' content='tesseract 3.04.00' />
  <meta name='ocr-capabilities' content='ocr_page ocr_carea ocr_par ocr_line ocrx_word'/>
</head>
<body>
  <div class='ocr_page' id='page_1' title='image "./germaniaagricol00btgoog_0182.png"; bbox 0 0 2242 3992; ppageno 0'>
   <div class='ocr_carea' id='block_1_1' title="bbox 145 345 673 405">
    <p class='ocr_par' dir='ltr' id='par_1_1' title="bbox 145 345 673 405">
     <span class='ocr_line' id='line_1_1' title="bbox 145 345 673 405; baseline 0.004 -4"><span class='ocrx_word' id='word_1_1' title='bbox 145 345 194 403; x_wconf 79' lang='grc'>’94</span> <span class='ocrx_word' id='word_1_2' title='bbox 524 362 673 405; x_wconf 70' lang='lat' dir='ltr'>suerrus·</span> 
     </span>
    </p>
   </div>
   <div class='ocr_carea' id='block_1_2' title="bbox 92 514 1106 3656">
    <p class='ocr_par' dir='ltr' id='par_1_2' title="bbox 147 514 1051 1762">
     <span class='ocr_line' id='line_1_2' title="bbox 154 514 1049 603; baseline -0.003 -19"><span class='ocrx_word' id='word_1_3' title='bbox 154 526 279 595; x_wconf 86' lang='lat' dir='ltr'>militem,</span> <span class='ocrx_word' id='word_1_4' title='bbox 294 526 368 585; x_wconf 81' lang='lat' dir='ltr'>uitii</span> <span class='ocrx_word' id='word_1_5' title='bbox 380 526 576 603; x_wconf 77' lang='lat' dir='ltr'><em>imperatoriae</em></span> <span class='ocrx_word' id='word_1_6' title='bbox 590 528 685 583; x_wconf 88' lang='lat' dir='ltr'>uuoris</span> <span class='ocrx_word' id='word_1_7' title='bbox 698 534 749 583; x_wconf 87' lang='lat' dir='ltr'>out</span> <span class='ocrx_word' id='word_1_8' title='bbox 765 525 909 583; x_wconf 73' lang='lat' dir='ltr'><em>comitatus</em></span> <span class='ocrx_word' id='word_1_9' title='bbox 922 514 998 581; x_wconf 81' lang='lat' dir='ltr'>soliti</span> <span class='ocrx_word' id='word_1_10' title='bbox 1011 553 1049 566; x_wconf 93' lang='lat'>-</span> 
     </span>
     <span class='ocr_line' id='line_1_3' title="bbox 147 627 1051 708; baseline -0.006 -20"><span class='ocrx_word' id='word_1_11' title='bbox 147 650 264 707; x_wconf 74' lang='lat' dir='ltr'>perpere</span> <span class='ocrx_word' id='word_1_12' title='bbox 282 632 322 688; x_wconf 87' lang='lat' dir='ltr'>od</span> <span class='ocrx_word' id='word_1_13' title='bbox 336 631 469 690; x_wconf 82' lang='lat' dir='ltr'>Treveros</span> <span class='ocrx_word' id='word_1_14' title='bbox 488 640 515 688; x_wconf 91' lang='lat' dir='ltr'>et</span> <span class='ocrx_word' id='word_1_15' title='bbox 534 641 660 689; x_wconf 75' lang='lat' dir='ltr'><strong><em>externae</em></strong></span> <span class='ocrx_word' id='word_1_16' title='bbox 675 632 770 708; x_wconf 82' lang='lat' dir='ltr'>fidei!</span> <span class='ocrx_word' id='word_1_17' title='bbox 821 628 917 686; x_wconf 90' lang='lat' dir='ltr'>Pudor</span> <span class='ocrx_word' id='word_1_18' title='bbox 934 627 1003 684; x_wconf 89' lang='lat' dir='ltr'>inde</span> <span class='ocrx_word' id='word_1_19' title='bbox 1023 635 1051 683; x_wconf 85' lang='lat' dir='ltr'>et</span> 
     </span>
     <span class='ocr_line' id='line_1_4' title="bbox 150 736 1049 816; baseline -0.001 -23"><span class='ocrx_word' id='word_1_20' title='bbox 150 738 303 806; x_wconf 83' lang='lat' dir='ltr'><strong>miseratio,</strong></span> <span class='ocrx_word' id='word_1_21' title='bbox 327 746 355 795; x_wconf 85' lang='lat' dir='ltr'>et</span> <span class='ocrx_word' id='word_1_22' title='bbox 378 739 465 816; x_wconf 83' lang='lat' dir='ltr'>patris</span> <span class='ocrx_word' id='word_1_23' title='bbox 491 738 645 814; x_wconf 71' lang='lat' dir='ltr'>Agrippae,</span> <span class='ocrx_word' id='word_1_24' title='bbox 671 737 796 813; x_wconf 84' lang='lat' dir='ltr'><strong>Augusti</strong></span> <span class='ocrx_word' id='word_1_25' title='bbox 819 737 874 803; x_wconf 83' lang='lat' dir='ltr'>avi,</span> <span class='ocrx_word' id='word_1_26' title='bbox 894 736 1049 803; x_wconf 56' lang='lat' dir='ltr'>memorien</span> 
     </span>
     <span class='ocr_line' id='line_1_5' title="bbox 154 841 1050 921; baseline 0 -24"><span class='ocrx_word' id='word_1_27' title='bbox 154 860 233 898; x_wconf 87' lang='lat' dir='ltr'>socer</span> <span class='ocrx_word' id='word_1_28' title='bbox 248 842 360 900; x_wconf 91' lang='lat' dir='ltr'>Drusus</span> <span class='ocrx_word' id='word_1_29' title='bbox 372 867 380 911; x_wconf 92' lang='lat'>;</span> <span class='ocrx_word' id='word_1_30' title='bbox 399 844 460 920; x_wconf 83' lang='lat' dir='ltr'>ipso</span> <span class='ocrx_word' id='word_1_31' title='bbox 472 844 576 920; x_wconf 82' lang='lat' dir='ltr'>insigni</span> <span class='ocrx_word' id='word_1_32' title='bbox 589 843 769 912; x_wconf 81' lang='lat' dir='ltr'>fecunditate,</span> <span class='ocrx_word' id='word_1_33' title='bbox 783 842 927 921; x_wconf 81' lang='lat' dir='ltr'>praeclara</span> <span class='ocrx_word' id='word_1_34' title='bbox 942 841 1050 920; x_wconf 90' lang='lat' dir='ltr'>pudici·</span> 
     </span>
     <span class='ocr_line' id='line_1_6' title="bbox 152 947 1049 1023; baseline 0 -20"><span class='ocrx_word' id='word_1_35' title='bbox 152 947 208 1014; x_wconf 82' lang='lat' dir='ltr'>tia3</span> <span class='ocrx_word' id='word_1_36' title='bbox 224 947 285 1023; x_wconf 85' lang='lat' dir='ltr'>jam</span> <span class='ocrx_word' id='word_1_37' title='bbox 302 947 394 1004; x_wconf 80' lang='lat' dir='ltr'>infans</span> <span class='ocrx_word' id='word_1_38' title='bbox 413 948 442 1004; x_wconf 89' lang='lat' dir='ltr'>in</span> <span class='ocrx_word' id='word_1_39' title='bbox 463 948 562 1005; x_wconf 85' lang='lat' dir='ltr'>castris</span> <span class='ocrx_word' id='word_1_40' title='bbox 576 948 697 1023; x_wconf 86' lang='lat' dir='ltr'>genitus,</span> <span class='ocrx_word' id='word_1_41' title='bbox 711 948 741 1004; x_wconf 86' lang='lat' dir='ltr'>in</span> <span class='ocrx_word' id='word_1_42' title='bbox 760 948 943 1005; x_wconf 86' lang='lat' dir='ltr'>contubernio</span> <span class='ocrx_word' id='word_1_43' title='bbox 963 947 1049 1023; x_wconf 83' lang='lat' dir='ltr'>legio·</span> 
     </span>
     <span class='ocr_line' id='line_1_7' title="bbox 150 1052 1049 1130; baseline -0.001 -22"><span class='ocrx_word' id='word_1_44' title='bbox 150 1070 219 1108; x_wconf 87' lang='lat' dir='ltr'>num</span> <span class='ocrx_word' id='word_1_45' title='bbox 233 1052 358 1121; x_wconf 89' lang='lat' dir='ltr'>eductus,</span> <span class='ocrx_word' id='word_1_46' title='bbox 373 1073 457 1130; x_wconf 90' lang='lat' dir='ltr'>quem</span> <span class='ocrx_word' id='word_1_47' title='bbox 469 1053 583 1110; x_wconf 86' lang='lat' dir='ltr'>militari</span> <span class='ocrx_word' id='word_1_48' title='bbox 596 1053 732 1110; x_wconf 82' lang='lat' dir='ltr'>vocabulo</span> <span class='ocrx_word' id='word_1_49' title='bbox 750 1053 909 1129; x_wconf 66' lang='lat' dir='ltr'>Colrpuiom</span> <span class='ocrx_word' id='word_1_50' title='bbox 925 1052 1049 1129; x_wconf 83' lang='lat' dir='ltr'>adpella-</span> 
     </span>
     <span class='ocr_line' id='line_1_8' title="bbox 150 1158 1048 1237; baseline -0.001 -22"><span class='ocrx_word' id='word_1_51' title='bbox 150 1159 227 1228; x_wconf 85' lang='lat' dir='ltr'>bant,</span> <span class='ocrx_word' id='word_1_52' title='bbox 252 1160 318 1236; x_wconf 83' lang='lat' dir='ltr'>quio</span> <span class='ocrx_word' id='word_1_53' title='bbox 340 1159 503 1237; x_wconf 89' lang='lat' dir='ltr'>plerumque</span> <span class='ocrx_word' id='word_1_54' title='bbox 530 1160 567 1217; x_wconf 90' lang='lat' dir='ltr'>ad</span> <span class='ocrx_word' id='word_1_55' title='bbox 594 1158 767 1216; x_wconf 79' lang='lat' dir='ltr'>concilianda</span> <span class='ocrx_word' id='word_1_56' title='bbox 792 1158 870 1235; x_wconf 83' lang='lat' dir='ltr'>vulgi</span> <span class='ocrx_word' id='word_1_57' title='bbox 895 1158 990 1215; x_wconf 84' lang='lat' dir='ltr'>studia</span> <span class='ocrx_word' id='word_1_58' title='bbox 1017 1176 1048 1214; x_wconf 90' lang='lat' dir='ltr'>eo</span> 
     </span>
     <span class='ocr_line' id='line_1_9' title="bbox 150 1261 1047 1342; baseline -0.003 -22"><span class='ocrx_word' id='word_1_59' title='bbox 150 1265 273 1341; x_wconf 81' lang='lat' dir='ltr'>tegmine</span> <span class='ocrx_word' id='word_1_60' title='bbox 296 1265 400 1342; x_wconf 90' lang='lat' dir='ltr'>pedum</span> <span class='ocrx_word' id='word_1_61' title='bbox 432 1265 608 1322; x_wconf 83' lang='lat' dir='ltr'>induebatur.</span> <span class='ocrx_word' id='word_1_62' title='bbox 671 1263 728 1324; x_wconf 79' lang='lat' dir='ltr'>sed</span> <span class='ocrx_word' id='word_1_63' title='bbox 753 1263 824 1320; x_wconf 87' lang='lat' dir='ltr'>nihil</span> <span class='ocrx_word' id='word_1_64' title='bbox 851 1282 939 1340; x_wconf 83' lang='lat' dir='ltr'>aeque</span> <span class='ocrx_word' id='word_1_65' title='bbox 972 1261 1047 1320; x_wconf 83' lang='lat' dir='ltr'>fierit</span> 
     </span>
     <span class='ocr_line' id='line_1_10' title="bbox 151 1369 1045 1446; baseline -0.001 -21"><span class='ocrx_word' id='word_1_66' title='bbox 151 1389 235 1446; x_wconf 80' lang='lat' dir='ltr'>quom</span> <span class='ocrx_word' id='word_1_67' title='bbox 260 1370 365 1428; x_wconf 84' lang='lat' dir='ltr'>invidia</span> <span class='ocrx_word' id='word_1_68' title='bbox 390 1371 419 1426; x_wconf 91' lang='lat' dir='ltr'>in</span> <span class='ocrx_word' id='word_1_69' title='bbox 444 1371 607 1428; x_wconf 88' lang='lat' dir='ltr'>Treveros:</span> <span class='ocrx_word' id='word_1_70' title='bbox 638 1377 728 1437; x_wconf 86' lang='lat' dir='ltr'>orant,</span> <span class='ocrx_word' id='word_1_71' title='bbox 760 1369 908 1436; x_wconf 85' lang='lat' dir='ltr'>obsistunt,</span> <span class='ocrx_word' id='word_1_72' title='bbox 935 1371 1045 1435; x_wconf 81' lang='lat' dir='ltr'>rediret,</span> 
     </span>
     <span class='ocr_line' id='line_1_11' title="bbox 151 1472 1046 1552; baseline -0.003 -21"><span class='ocrx_word' id='word_1_73' title='bbox 151 1485 283 1544; x_wconf 69' lang='lat' dir='ltr'>mosum,</span> <span class='ocrx_word' id='word_1_74' title='bbox 305 1494 368 1552; x_wconf 83' lang='lat' dir='ltr'>pars</span> <span class='ocrx_word' id='word_1_75' title='bbox 386 1475 560 1552; x_wconf 81' lang='lat' dir='ltr'>Agrippinae</span> <span class='ocrx_word' id='word_1_76' title='bbox 579 1475 768 1542; x_wconf 81' lang='lat' dir='ltr'>obcursuntes,</span> <span class='ocrx_word' id='word_1_77' title='bbox 790 1474 902 1550; x_wconf 88' lang='lat' dir='ltr'>plurimi</span> <span class='ocrx_word' id='word_1_78' title='bbox 922 1473 961 1530; x_wconf 84' lang='lat' dir='ltr'>ad</span> <span class='ocrx_word' id='word_1_79' title='bbox 976 1472 1046 1532; x_wconf 88' lang='lat' dir='ltr'>Ger·</span> 
     </span>
     <span class='ocr_line' id='line_1_12' title="bbox 150 1578 1043 1656; baseline 0.001 -21"><span class='ocrx_word' id='word_1_80' title='bbox 150 1580 290 1636; x_wconf 80' lang='lat' dir='ltr'>monicum</span> <span class='ocrx_word' id='word_1_81' title='bbox 313 1580 453 1655; x_wconf 85' lang='lat' dir='ltr'>regressi:</span> <span class='ocrx_word' id='word_1_82' title='bbox 474 1580 562 1656; x_wconf 87' lang='lat' dir='ltr'>isque,</span> <span class='ocrx_word' id='word_1_83' title='bbox 576 1587 608 1637; x_wconf 84' lang='lat' dir='ltr'>ut</span> <span class='ocrx_word' id='word_1_84' title='bbox 630 1587 689 1636; x_wconf 82' lang='lat' dir='ltr'>erat</span> <span class='ocrx_word' id='word_1_85' title='bbox 709 1598 807 1635; x_wconf 89' lang='lat' dir='ltr'>recens</span> <span class='ocrx_word' id='word_1_86' title='bbox 830 1578 926 1635; x_wconf 89' lang='lat' dir='ltr'>dolore</span> <span class='ocrx_word' id='word_1_87' title='bbox 946 1587 977 1636; x_wconf 86' lang='lat' dir='ltr'>et</span> <span class='ocrx_word' id='word_1_88' title='bbox 997 1579 1043 1646; x_wconf 73' lang='lat' dir='ltr'>iro,</span> 
     </span>
     <span class='ocr_line' id='line_1_13' title="bbox 151 1685 640 1762; baseline 0 -22"><span class='ocrx_word' id='word_1_89' title='bbox 151 1685 225 1762; x_wconf 78' lang='lat' dir='ltr'>opud</span> <span class='ocrx_word' id='word_1_90' title='bbox 238 1685 421 1743; x_wconf 87' lang='lat' dir='ltr'>circumfusos</span> <span class='ocrx_word' id='word_1_91' title='bbox 435 1685 474 1742; x_wconf 88' lang='lat' dir='ltr'>ita</span> <span class='ocrx_word' id='word_1_92' title='bbox 488 1685 580 1761; x_wconf 87' lang='lat' dir='ltr'>coepit</span> <span class='ocrx_word' id='word_1_93' title='bbox 591 1704 640 1741; x_wconf 88' lang='lat'>:-</span> 
     </span>
    </p>

    <p class='ocr_par' dir='ltr' id='par_1_3' title="bbox 92 1789 1106 3656">
     <span class='ocr_line' id='line_1_14' title="bbox 191 1789 1044 1867; baseline -0.002 -20"><span class='ocrx_word' id='word_1_94' title='bbox 191 1789 286 1848; x_wconf 90' lang='lat' dir='ltr'>XLII.</span> <span class='ocrx_word' id='word_1_95' title='bbox 328 1791 395 1850; x_wconf 87' lang='lat' dir='ltr'>Nou</span> <span class='ocrx_word' id='word_1_96' title='bbox 415 1792 486 1848; x_wconf 83' lang='lat' dir='ltr'>miii</span> <span class='ocrx_word' id='word_1_97' title='bbox 506 1811 575 1848; x_wconf 77' lang='lat' dir='ltr'>uuor</span> <span class='ocrx_word' id='word_1_98' title='bbox 593 1800 643 1848; x_wconf 89' lang='lat' dir='ltr'>out</span> <span class='ocrx_word' id='word_1_99' title='bbox 651 1789 735 1867; x_wconf 75' lang='lat' dir='ltr'>silius</span> <span class='ocrx_word' id='word_1_100' title='bbox 748 1799 833 1866; x_wconf 84' lang='lat' dir='ltr'>putre</span> <span class='ocrx_word' id='word_1_101' title='bbox 846 1799 872 1848; x_wconf 91' lang='lat' dir='ltr'>et</span> <span class='ocrx_word' id='word_1_102' title='bbox 888 1789 1044 1865; x_wconf 81' lang='lat' dir='ltr'>republica</span> 
     </span>
     <span class='ocr_line' id='line_1_15' title="bbox 149 1896 1043 1973; baseline -0.009 -16"><span class='ocrx_word' id='word_1_103' title='bbox 149 1902 269 1958; x_wconf 86' lang='lat' dir='ltr'>cariores</span> <span class='ocrx_word' id='word_1_104' title='bbox 281 1910 367 1958; x_wconf 87' lang='lat' dir='ltr'>suut:</span> <span class='ocrx_word' id='word_1_105' title='bbox 390 1900 439 1957; x_wconf 84' lang='lat' dir='ltr'>sed</span> <span class='ocrx_word' id='word_1_106' title='bbox 451 1897 531 1954; x_wconf 85' lang='lat' dir='ltr'>illum</span> <span class='ocrx_word' id='word_1_107' title='bbox 544 1898 656 1973; x_wconf 85' lang='lat' dir='ltr'>quidem</span> <span class='ocrx_word' id='word_1_108' title='bbox 669 1916 723 1953; x_wconf 88' lang='lat' dir='ltr'>suu</span> <span class='ocrx_word' id='word_1_109' title='bbox 741 1897 878 1973; x_wconf 80' lang='lat' dir='ltr'>majestas,</span> <span class='ocrx_word' id='word_1_110' title='bbox 893 1896 1043 1970; x_wconf 82' lang='lat' dir='ltr'>imperium</span> 
     </span>
     <span class='ocr_line' id='line_1_16' title="bbox 151 2000 1042 2078; baseline -0.008 -16"><span class='ocrx_word' id='word_1_111' title='bbox 151 2005 315 2063; x_wconf 79' lang='lat' dir='ltr'>Romanum</span> <span class='ocrx_word' id='word_1_112' title='bbox 328 2007 409 2064; x_wconf 90' lang='lat' dir='ltr'>ceteri</span> <span class='ocrx_word' id='word_1_113' title='bbox 422 2005 554 2061; x_wconf 82' lang='lat' dir='ltr'>euercitus</span> <span class='ocrx_word' id='word_1_114' title='bbox 571 2003 726 2077; x_wconf 83' lang='lat' dir='ltr'>defendent.</span> <span class='ocrx_word' id='word_1_115' title='bbox 769 2001 921 2078; x_wconf 65' lang='lat' dir='ltr'>Coujupem</span> <span class='ocrx_word' id='word_1_116' title='bbox 939 2011 967 2059; x_wconf 90' lang='lat' dir='ltr'>et</span> <span class='ocrx_word' id='word_1_117' title='bbox 982 2000 1042 2057; x_wconf 84' lang='lat' dir='ltr'>libe·</span> 
     </span>
     <span class='ocr_line' id='line_1_17' title="bbox 150 2091 1092 2187; baseline -0.005 -20"><span class='ocrx_word' id='word_1_118' title='bbox 150 2129 195 2167; x_wconf 88' lang='lat' dir='ltr'>ros</span> <span class='ocrx_word' id='word_1_119' title='bbox 213 2130 295 2179; x_wconf 89' lang='lat' dir='ltr'>meos,</span> <span class='ocrx_word' id='word_1_120' title='bbox 308 2091 379 2187; x_wconf 82' lang='lat' dir='ltr'>¹quos</span> <span class='ocrx_word' id='word_1_121' title='bbox 385 2128 441 2186; x_wconf 76' lang='lat' dir='ltr'>pro</span> <span class='ocrx_word' id='word_1_122' title='bbox 450 2108 542 2186; x_wconf 73' lang='lat' dir='ltr'>pierio</span> <span class='ocrx_word' id='word_1_123' title='bbox 559 2117 650 2165; x_wconf 85' lang='lat' dir='ltr'>oestro</span> <span class='ocrx_word' id='word_1_124' title='bbox 665 2107 751 2164; x_wconf 77' lang='lat' dir='ltr'>literis</span> <span class='ocrx_word' id='word_1_125' title='bbox 772 2107 812 2164; x_wconf 84' lang='lat' dir='ltr'>od</span> <span class='ocrx_word' id='word_1_126' title='bbox 828 2106 943 2164; x_wconf 75' lang='lat' dir='ltr'>esitium</span> <span class='ocrx_word' id='word_1_127' title='bbox 960 2106 1042 2180; x_wconf 81' lang='lat' dir='ltr'>obser·</span> <span class='ocrx_word' id='word_1_128' title='bbox 1089 2178 1092 2184; x_wconf 24' lang='grc' dir='ltr'><strong><em>Ι</em></strong></span> 
     </span>
     <span class='ocr_line' id='line_1_18' title="bbox 149 2212 1043 2290; baseline -0.002 -20"><span class='ocrx_word' id='word_1_129' title='bbox 149 2234 218 2281; x_wconf 91' lang='lat' dir='ltr'>rem,</span> <span class='ocrx_word' id='word_1_130' title='bbox 229 2213 410 2290; x_wconf 77' lang='lat' dir='ltr'>uuucproeut</span> <span class='ocrx_word' id='word_1_131' title='bbox 419 2234 437 2271; x_wconf 87' lang='lat' dir='ltr'>u</span> <span class='ocrx_word' id='word_1_132' title='bbox 441 2214 608 2287; x_wconf 79' lang='lat' dir='ltr'>furentibus</span> <span class='ocrx_word' id='word_1_133' title='bbox 617 2212 767 2281; x_wconf 80' lang='lat' dir='ltr'>submoveo,</span> <span class='ocrx_word' id='word_1_134' title='bbox 779 2221 818 2280; x_wconf 90' lang='lat' dir='ltr'>ut,</span> <span class='ocrx_word' id='word_1_135' title='bbox 829 2214 970 2288; x_wconf 84' lang='lat' dir='ltr'>quidquid</span> <span class='ocrx_word' id='word_1_136' title='bbox 978 2213 1043 2268; x_wconf 78' lang='lat' dir='ltr'>istuc</span> 
     </span>
     <span class='ocr_line' id='line_1_19' title="bbox 149 2316 1040 2394; baseline 0 -21"><span class='ocrx_word' id='word_1_137' title='bbox 149 2317 257 2375; x_wconf 87' lang='lat' dir='ltr'>sceleris</span> <span class='ocrx_word' id='word_1_138' title='bbox 277 2320 404 2387; x_wconf 87' lang='lat' dir='ltr'>iumiuet,</span> <span class='ocrx_word' id='word_1_139' title='bbox 420 2339 478 2376; x_wconf 91' lang='lat' dir='ltr'>meo</span> <span class='ocrx_word' id='word_1_140' title='bbox 496 2328 605 2376; x_wconf 84' lang='lat' dir='ltr'>tautum</span> <span class='ocrx_word' id='word_1_141' title='bbox 623 2319 761 2394; x_wconf 70' lang='lat' dir='ltr'>soupuiue</span> <span class='ocrx_word' id='word_1_142' title='bbox 773 2319 896 2394; x_wconf 77' lang='lat' dir='ltr'>pietur;</span> <span class='ocrx_word' id='word_1_143' title='bbox 918 2337 986 2376; x_wconf 86' lang='lat' dir='ltr'>ueoe</span> <span class='ocrx_word' id='word_1_144' title='bbox 1001 2316 1040 2373; x_wconf 83' lang='lat' dir='ltr'>oi·</span> 
     </span>
     <span class='ocr_line' id='line_1_20' title="bbox 149 2422 1040 2499; baseline 0 -21"><span class='ocrx_word' id='word_1_145' title='bbox 149 2423 223 2478; x_wconf 85' lang='lat' dir='ltr'>cisus</span> <span class='ocrx_word' id='word_1_146' title='bbox 237 2422 358 2499; x_wconf 72' lang='lat' dir='ltr'>Aupusti</span> <span class='ocrx_word' id='word_1_147' title='bbox 371 2444 518 2499; x_wconf 72' lang='lat' dir='ltr'>pronepos,</span> <span class='ocrx_word' id='word_1_148' title='bbox 534 2426 677 2498; x_wconf 82' lang='lat' dir='ltr'>interfecto</span> <span class='ocrx_word' id='word_1_149' title='bbox 695 2423 805 2482; x_wconf 84' lang='lat' dir='ltr'>Tiberii</span> <span class='ocrx_word' id='word_1_150' title='bbox 824 2442 924 2491; x_wconf 81' lang='lat' dir='ltr'>murus,</span> <span class='ocrx_word' id='word_1_151' title='bbox 945 2440 1040 2479; x_wconf 82' lang='lat' dir='ltr'>mocer-</span> 
     </span>
     <span class='ocr_line' id='line_1_21' title="bbox 149 2527 1040 2603; baseline 0.001 -20"><span class='ocrx_word' id='word_1_152' title='bbox 149 2527 230 2583; x_wconf 78' lang='lat' dir='ltr'>tiores</span> <span class='ocrx_word' id='word_1_153' title='bbox 243 2546 289 2583; x_wconf 89' lang='lat' dir='ltr'>oos</span> <span class='ocrx_word' id='word_1_154' title='bbox 297 2527 413 2601; x_wconf 82' lang='lat' dir='ltr'>faciut:</span> <span class='ocrx_word' id='word_1_155' title='bbox 429 2528 500 2603; x_wconf 84' lang='lat' dir='ltr'>quid</span> <span class='ocrx_word' id='word_1_156' title='bbox 518 2529 596 2585; x_wconf 85' lang='lat' dir='ltr'>euim</span> <span class='ocrx_word' id='word_1_157' title='bbox 611 2528 722 2603; x_wconf 83' lang='lat' dir='ltr'>peries</span> <span class='ocrx_word' id='word_1_158' title='bbox 740 2529 799 2585; x_wconf 83' lang='lat' dir='ltr'>dies</span> <span class='ocrx_word' id='word_1_159' title='bbox 817 2529 952 2585; x_wconf 80' lang='lat' dir='ltr'>incursum</span> <span class='ocrx_word' id='word_1_160' title='bbox 974 2530 1040 2584; x_wconf 84' lang='lat' dir='ltr'>inte·</span> 
     </span>
     <span class='ocr_line' id='line_1_22' title="bbox 149 2629 1039 2699; baseline -0.002 -10"><span class='ocrx_word' id='word_1_161' title='bbox 149 2642 320 2690; x_wconf 82' lang='lat' dir='ltr'>meretumoe</span> <span class='ocrx_word' id='word_1_162' title='bbox 343 2632 443 2690; x_wconf 72' lang='lat' dir='ltr'>vobis?</span> <span class='ocrx_word' id='word_1_163' title='bbox 495 2631 579 2699; x_wconf 80' lang='lat' dir='ltr'>Quod</span> <span class='ocrx_word' id='word_1_164' title='bbox 604 2652 705 2690; x_wconf 79' lang='lat' dir='ltr'>uomere</span> <span class='ocrx_word' id='word_1_165' title='bbox 732 2634 797 2690; x_wconf 80' lang='lat' dir='ltr'>huic</span> <span class='ocrx_word' id='word_1_166' title='bbox 825 2634 912 2690; x_wconf 91' lang='lat' dir='ltr'>coetui</span> <span class='ocrx_word' id='word_1_167' title='bbox 943 2629 1039 2691; x_wconf 73' lang='lat' dir='ltr'>dubo?</span> 
     </span>
     <span class='ocr_line' id='line_1_23' title="bbox 148 2735 1039 2816; baseline 0.001 -23"><span class='ocrx_word' id='word_1_168' title='bbox 148 2737 286 2796; x_wconf 87' lang='lat' dir='ltr'>militesne</span> <span class='ocrx_word' id='word_1_169' title='bbox 306 2737 468 2815; x_wconf 71' lang='lat' dir='ltr'>adpellem?</span> <span class='ocrx_word' id='word_1_170' title='bbox 493 2741 543 2815; x_wconf 88' lang='lat' dir='ltr'>qui</span> <span class='ocrx_word' id='word_1_171' title='bbox 553 2738 653 2816; x_wconf 81' lang='lat' dir='ltr'>fliium</span> <span class='ocrx_word' id='word_1_172' title='bbox 676 2738 852 2813; x_wconf 82' lang='lat' dir='ltr'>imperatoris</span> <span class='ocrx_word' id='word_1_173' title='bbox 872 2739 956 2794; x_wconf 81' lang='lat' dir='ltr'>vestri</span> <span class='ocrx_word' id='word_1_174' title='bbox 974 2735 1039 2794; x_wconf 73' lang='lat' dir='ltr'>uoto</span> 
     </span>
     <span class='ocr_line' id='line_1_24' title="bbox 149 2842 1040 2919; baseline 0.001 -22"><span class='ocrx_word' id='word_1_175' title='bbox 149 2850 175 2897; x_wconf 90' lang='lat' dir='ltr'>et</span> <span class='ocrx_word' id='word_1_176' title='bbox 187 2843 276 2899; x_wconf 83' lang='lat' dir='ltr'>armis</span> <span class='ocrx_word' id='word_1_177' title='bbox 288 2843 509 2900; x_wconf 84' lang='lat' dir='ltr'>circumsedistis.</span> <span class='ocrx_word' id='word_1_178' title='bbox 551 2842 599 2899; x_wconf 84' lang='lat' dir='ltr'>Au</span> <span class='ocrx_word' id='word_1_179' title='bbox 613 2842 710 2900; x_wconf 79' lang='lat' dir='ltr'>cives?</span> <span class='ocrx_word' id='word_1_180' title='bbox 732 2843 831 2918; x_wconf 82' lang='lat' dir='ltr'>quibus</span> <span class='ocrx_word' id='word_1_181' title='bbox 847 2853 906 2901; x_wconf 88' lang='lat' dir='ltr'>tom</span> <span class='ocrx_word' id='word_1_182' title='bbox 920 2845 1040 2919; x_wconf 73' lang='lat' dir='ltr'>projecto</span> 
     </span>
     <span class='ocr_line' id='line_1_25' title="bbox 92 2945 1039 3026; baseline 0.003 -26"><span class='ocrx_word' id='word_1_183' title='bbox 92 3004 100 3023; x_wconf 50' lang='grc'>,</span> <span class='ocrx_word' id='word_1_184' title='bbox 149 2956 261 3004; x_wconf 87' lang='lat' dir='ltr'>sermtus</span> <span class='ocrx_word' id='word_1_185' title='bbox 274 2951 440 3007; x_wconf 83' lang='lat' dir='ltr'>auctoritas:</span> <span class='ocrx_word' id='word_1_186' title='bbox 464 2949 582 3006; x_wconf 78' lang='lat' dir='ltr'>hostium</span> <span class='ocrx_word' id='word_1_187' title='bbox 596 2951 760 3025; x_wconf 80' lang='lat' dir='ltr'>quoquejue</span> <span class='ocrx_word' id='word_1_188' title='bbox 773 2958 799 3006; x_wconf 92' lang='lat' dir='ltr'>et</span> <span class='ocrx_word' id='word_1_189' title='bbox 809 2968 891 3006; x_wconf 85' lang='lat' dir='ltr'>socru</span> <span class='ocrx_word' id='word_1_190' title='bbox 902 2945 1039 3026; x_wconf 74' lang='lat' dir='ltr'>upauouu</span> 
     </span>
     <span class='ocr_line' id='line_1_26' title="bbox 141 3049 1038 3128; baseline 0.009 -24"><span class='ocrx_word' id='word_1_191' title='bbox 141 3058 176 3104; x_wconf 87' lang='lat' dir='ltr'>et</span> <span class='ocrx_word' id='word_1_192' title='bbox 180 3049 236 3123; x_wconf 87' lang='lat' dir='ltr'>fos</span> <span class='ocrx_word' id='word_1_193' title='bbox 249 3055 376 3126; x_wconf 76' lang='lat' dir='ltr'>pestium</span> <span class='ocrx_word' id='word_1_194' title='bbox 394 3055 519 3128; x_wconf 81' lang='lat' dir='ltr'>rupistis.</span> <span class='ocrx_word' id='word_1_195' title='bbox 561 3052 658 3110; x_wconf 83' lang='lat' dir='ltr'>Divus</span> <span class='ocrx_word' id='word_1_196' title='bbox 678 3053 776 3113; x_wconf 81' lang='lat' dir='ltr'>Julius</span> <span class='ocrx_word' id='word_1_197' title='bbox 793 3055 954 3113; x_wconf 79' lang='lat' dir='ltr'>seditionem</span> <span class='ocrx_word' id='word_1_198' title='bbox 969 3074 1038 3112; x_wconf 76' lang='lat' dir='ltr'>exer·</span> 
     </span>
     <span class='ocr_line' id='line_1_27' title="bbox 149 3155 1038 3235; baseline 0.009 -26"><span class='ocrx_word' id='word_1_199' title='bbox 149 3155 219 3210; x_wconf 87' lang='lat' dir='ltr'>citus</span> <span class='ocrx_word' id='word_1_200' title='bbox 239 3157 316 3213; x_wconf 80' lang='lat' dir='ltr'>uerbo</span> <span class='ocrx_word' id='word_1_201' title='bbox 337 3178 393 3215; x_wconf 85' lang='lat' dir='ltr'>uuo</span> <span class='ocrx_word' id='word_1_202' title='bbox 412 3158 583 3234; x_wconf 71' lang='lat' dir='ltr'>compescuit,</span> <span class='ocrx_word' id='word_1_203' title='bbox 599 3158 723 3222; x_wconf 83' lang='lat' dir='ltr'>Quirites</span> <span class='ocrx_word' id='word_1_204' title='bbox 743 3160 863 3217; x_wconf 80' lang='lat' dir='ltr'>ooeortdo</span> <span class='ocrx_word' id='word_1_205' title='bbox 882 3161 934 3235; x_wconf 87' lang='lat' dir='ltr'>qui</span> <span class='ocrx_word' id='word_1_206' title='bbox 951 3178 1038 3217; x_wconf 85' lang='lat' dir='ltr'>socru·</span> 
     </span>
     <span class='ocr_line' id='line_1_28' title="bbox 149 3263 1040 3340; baseline 0.003 -24"><span class='ocrx_word' id='word_1_207' title='bbox 149 3267 274 3317; x_wconf 82' lang='lat' dir='ltr'>meretum</span> <span class='ocrx_word' id='word_1_208' title='bbox 301 3263 359 3337; x_wconf 81' lang='lat' dir='ltr'>ejus</span> <span class='ocrx_word' id='word_1_209' title='bbox 385 3263 574 3322; x_wconf 82' lang='lat' dir='ltr'>detrectabunt.</span> <span class='ocrx_word' id='word_1_210' title='bbox 630 3263 726 3321; x_wconf 82' lang='lat' dir='ltr'>Diuus</span> <span class='ocrx_word' id='word_1_211' title='bbox 749 3264 893 3340; x_wconf 75' lang='lat' dir='ltr'>Aupurtus</span> <span class='ocrx_word' id='word_1_212' title='bbox 920 3265 1040 3322; x_wconf 84' lang='lat' dir='ltr'>vultuet</span> 
     </span>
     <span class='ocr_line' id='line_1_29' title="bbox 149 3366 1106 3442; baseline 0.005 -20"><span class='ocrx_word' id='word_1_213' title='bbox 149 3366 279 3441; x_wconf 70' lang='lat' dir='ltr'>adspectu</span> <span class='ocrx_word' id='word_1_214' title='bbox 292 3366 421 3424; x_wconf 84' lang='lat' dir='ltr'>Actiacos</span> <span class='ocrx_word' id='word_1_215' title='bbox 433 3366 550 3442; x_wconf 70' lang='lat' dir='ltr'>lepioues</span> <span class='ocrx_word' id='word_1_216' title='bbox 563 3371 712 3427; x_wconf 77' lang='lat' dir='ltr'>exterruit:</span> <span class='ocrx_word' id='word_1_217' title='bbox 735 3389 793 3436; x_wconf 80' lang='lat' dir='ltr'>uos,</span> <span class='ocrx_word' id='word_1_218' title='bbox 804 3381 837 3428; x_wconf 89' lang='lat' dir='ltr'>ut</span> <span class='ocrx_word' id='word_1_219' title='bbox 848 3372 974 3428; x_wconf 79' lang='lat' dir='ltr'>noudum</span> <span class='ocrx_word' id='word_1_220' title='bbox 987 3387 1038 3427; x_wconf 83' lang='lat' dir='ltr'>eos·</span> <span class='ocrx_word' id='word_1_221' title='bbox 1105 3368 1106 3373; x_wconf 56' lang='lat'>&#39;</span> 
     </span>
     <span class='ocr_line' id='line_1_30' title="bbox 149 3468 1036 3550; baseline 0.007 -25"><span class='ocrx_word' id='word_1_222' title='bbox 149 3470 275 3538; x_wconf 74' lang='lat' dir='ltr'>demite</span> <span class='ocrx_word' id='word_1_223' title='bbox 295 3490 327 3527; x_wconf 82' lang='lat' dir='ltr'>eu</span> <span class='ocrx_word' id='word_1_224' title='bbox 345 3468 401 3527; x_wconf 86' lang='lat' dir='ltr'>illis</span> <span class='ocrx_word' id='word_1_225' title='bbox 420 3480 497 3540; x_wconf 84' lang='lat' dir='ltr'>ortos,</span> <span class='ocrx_word' id='word_1_226' title='bbox 518 3474 544 3529; x_wconf 91' lang='lat' dir='ltr'>si</span> <span class='ocrx_word' id='word_1_227' title='bbox 559 3473 723 3549; x_wconf 81' lang='lat' dir='ltr'>Hispouioe</span> <span class='ocrx_word' id='word_1_228' title='bbox 738 3474 873 3550; x_wconf 72' lang='lat' dir='ltr'>Syriaeve</span> <span class='ocrx_word' id='word_1_229' title='bbox 896 3475 975 3534; x_wconf 57' lang='lat' dir='ltr'>mim</span> <span class='ocrx_word' id='word_1_230' title='bbox 992 3472 1036 3531; x_wconf 83' lang='lat' dir='ltr'>od·</span> 
     </span>
     <span class='ocr_line' id='line_1_31' title="bbox 148 3579 1036 3656; baseline 0.006 -26"><span class='ocrx_word' id='word_1_231' title='bbox 148 3585 335 3646; x_wconf 80' lang='lat' dir='ltr'>sperneretur,</span> <span class='ocrx_word' id='word_1_232' title='bbox 349 3585 442 3633; x_wconf 87' lang='lat' dir='ltr'>tomeu</span> <span class='ocrx_word' id='word_1_233' title='bbox 456 3579 562 3635; x_wconf 87' lang='lat' dir='ltr'>mirum</span> <span class='ocrx_word' id='word_1_234' title='bbox 582 3589 608 3636; x_wconf 90' lang='lat' dir='ltr'>et</span> <span class='ocrx_word' id='word_1_235' title='bbox 627 3581 776 3656; x_wconf 78' lang='lat' dir='ltr'>iudipuum</span> <span class='ocrx_word' id='word_1_236' title='bbox 794 3590 862 3638; x_wconf 86' lang='lat' dir='ltr'>erut.</span> <span class='ocrx_word' id='word_1_237' title='bbox 903 3581 1036 3638; x_wconf 87' lang='lat' dir='ltr'>Primum</span> 
     </span>
    </p>
   </div>
   <div class='ocr_carea' id='block_1_3' title="bbox 0 0 1126 3992">
    <p class='ocr_par' dir='ltr' id='par_1_4' title="bbox 0 0 1126 3992">
     <span class='ocr_line' id='line_1_32' title="bbox 0 0 1126 3992; baseline 0 0"><span class='ocrx_word' id='word_1_238' title='bbox 0 0 1126 3992; x_wconf 95' lang='lat' dir='ltr'> </span> 
     </span>
    </p>
   </div>
  </div>
 </body>
</html>
