2242 3992
128 360 184 417 118
499 373 648 415 rncrrus.

125 512 253 582 silebant,
267 512 400 571 Velinum
420 513 522 583 lacum,
541 512 645 590 quain
662 510 769 570 Narem
788 509 946 577 effunditur,
967 510 1026 566 ob·

123 618 194 675 strui
210 628 380 688 recusantes,
400 621 504 695 quiprpe
524 620 557 677 iro
578 620 736 696 edocentis
756 627 942 694 erupturum:
969 636 1027 691 op-

123 732 198 780 tume
211 723 291 781 rebus
304 723 463 782 mortalium
477 705 643 781 amoime
656 732 799 791 amorem,
813 741 883 798 quoe
896 740 950 779 suo
970 740 1027 779 ere

114 828 297 904 fluminibus,
310 849 373 887 soros
386 848 492 899 coerces,
507 839 590 906 atqve
598 830 743 906 originem,
757 829 797 885 ito
801 829 879 905 flues
891 827 1001 884 dederit
1012 846 1024 880 .-
1054 899 1060 910 Ι

123 939 287 1014 monendos
306 940 390 997 etiem
406 937 551 1015 relicom
567 938 713 1005 sociorum,
733 937 784 1013 qui
800 955 882 994 some
902 944 928 992 et
946 933 1028 992 locos
1050 920 1056 926 ’

125 1021 240 1101 ετάναι
257 1045 364 1120 porciu
385 1042 516 1101 coraibus
541 1042 719 1100 dicaverint:
748 1042 819 1117 quia
846 1041 940 1116 speum
968 1038 1028 1096 Ti·

125 1148 211 1206 herim
225 1148 294 1207 uode
308 1167 428 1225 praem
441 1146 543 1208 odendis
556 1147 660 1223 stuciis
673 1145 797 1204 eborum
811 1145 919 1202 minem
927 1143 1027 1219 pierio

116 1253 218 1329 fluere.
261 1252 318 1311 Seu
341 1271 437 1330 preces
458 1250 640 1319 coloniarum,
655 1269 705 1308 seu
725 1248 873 1307 difficultas
894 1266 1027 1324 operum,

125 1358 184 1415 sive
210 1358 368 1437 superstitio
391 1358 480 1416 valuit
501 1365 534 1414 ut
557 1357 587 1413 in
611 1355 778 1413 sententiam
797 1353 907 1412 Pisonis
921 1371 1026 1410 conce·
1116 1349 1117 1360 ¹

127 1462 248 1532 deretur,
262 1464 311 1541 qui
323 1464 364 1520 nil
373 1463 538 1521 mutandum
551 1469 708 1520 censuerat.

166 1562 289 1623 LXXX.
313 1565 486 1642 Prorogatur
494 1566 626 1644 Poppaeo
635 1565 740 1624 Sabino
749 1562 1026 1642 provinciaMocsia‚

125 1667 226 1726 additis
248 1670 358 1729 Achaia
379 1691 412 1729 ac
434 1671 614 1730 Macedonia.
655 1670 691 1729 Id
712 1689 824 1748 qnoque
839 1688 957 1727 -morum
971 1669 1026 1726 Ti·

126 1773 197 1829 berii
219 1774 282 1844 fuit,
308 1777 470 1834 continuare
495 1777 621 1855 imperia,
642 1795 676 1833 ac
701 1775 851 1852 plerosque
874 1774 910 1832 ad
935 1774 1024 1831 finem

125 1880 200 1938 vitae
224 1882 254 1939 in
272 1884 372 1942 iisdem
391 1886 559 1943 exercitibus
578 1892 626 1942 aut
645 1881 886 1960 jurisdictionibus
907 1880 1023 1938 habere·

128 1982 237 2042 Causae
258 1987 352 2045 variae
370 1987 537 2046 tradunturt
557 1987 605 2045 alii
626 1989 715 2046 toedio
734 2007 821 2045 novoe
839 2007 924 2045 ceree
938 1987 1024 2045 semel

120 2088 228 2164 puoto
235 2112 291 2168 pro
304 2096 425 2152 aeterna
434 2095 584 2152 servavisse
591 2114 606 2158 ,·
621 2092 735 2170 quidam
745 2095 865 2161 incidie,
879 2092 1023 2169 ne'lolures
1115 2073 1116 2118 ³

116 2196 309 2268 fruerentur:
332 2208 398 2256 sunt
410 2200 460 2276 qni
476 2199 644 2268 existiment,
662 2206 694 2256 ut
713 2198 845 2258 callidum
863 2198 924 2273 ejus
942 2199 1024 2275 inge-

126 2304 213 2374 nium,
227 2306 266 2364 ita
290 2308 403 2365 anxium
413 2307 570 2384 judicium:
594 2327 685 2384 neque
706 2308 782 2368 enim
800 2308 948 2365 eminentis
965 2308 1023 2364 vir-

126 2423 201 2473 tutes
225 2418 391 2488 sectabatur,
415 2425 444 2475 et
466 2437 580 2475 rursum
605 2418 675 2475 vitia
700 2417 820 2476 oderat:
848 2437 883 2475 ex
910 2418 1023 2495 optimis

127 2521 282 2598 periculum
302 2523 362 2592 sibi,
383 2542 400 2581 a
419 2524 547 2600 pessimis
564 2524 684 2582 dedecus
697 2524 840 2602 publicum
857 2524 1020 2581 metuebat:

127 2648 183 2706 qua
200 2629 383 2689 haesitatione
402 2639 544 2708 postremo
564 2651 599 2690 eo
625 2640 774 2710 provectus
798 2640 850 2701 est,
879 2639 912 2689 ut
941 2650 1021 2690 man-

127 2733 234 2794 daverit
247 2737 413 2814 quibusdam
431 2737 598 2813 provincias,
612 2757 683 2814 quos
697 2737 793 2814 egredi
805 2738 875 2795 urbe
888 2756 946 2796 non
959 2745 1022 2793 erat

125 2855 267 2912 passurus.

167 2940 305 3000 LXXXI.
356 2944 404 3002 De
428 2945 546 3003 comitiis
571 2946 772 3016 consideribus,
795 2964 867 3024 quac
887 2954 948 3003 tum
963 2945 1022 3022 pri·

126 3066 204 3105 mum
230 3049 279 3107 illo
305 3052 430 3130 principe
456 3072 489 3110 ac
521 3053 651 3132 deinceps
677 3054 767 3124 fuere,
793 3055 841 3111 vix
868 3053 1022 3132 quidquam

126 3156 238 3214 firmare
258 3160 367 3218 ausimo
387 3160 457 3218 adeo
477 3161 588 3219 diversa
607 3179 664 3219 non
685 3162 769 3220 modo
787 3161 862 3240 apud
881 3170 1020 3229 auctores,

126 3261 178 3319 sed
195 3262 225 3318 in
239 3262 325 3340 ipsius
339 3265 509 3323 orationibus
523 3266 709 3344 reperiuntur.
751 3265 851 3337 Modo,
871 3264 1022 3322 subtractis
1110 3251 1111 3256 ἵ

126 3366 337 3425 candidatorum
360 3370 528 3441 nominibus,
555 3372 694 3449 originem
717 3374 853 3451 cujusque
881 3379 910 3429 et
934 3371 1022 3428 vitam

127 3485 156 3530 et
178 3474 315 3551 stipendia
332 3474 487 3553 descripsit,
500 3486 533 3535 ut
550 3478 600 3555 qni
617 3477 710 3538 forent
728 3479 950 3556 intelligeretur:
970 3474 1023 3533 alis
