2242 3992
153 374 193 429 44
531 378 679 430 rac1rns'.

153 529 233 598 leret,
257 529 359 586 missus
381 529 530 590 Petronius
546 528 737 611 Turpilianus,
761 532 905 600 tamquam
927 521 1056 579 exorabi·
1090 498 1094 509 .

149 632 215 698 Iior,
230 641 258 688 et
272 630 380 689 delictis
393 632 518 689 hostium
531 653 622 690 novus
641 651 730 708 eoque
743 630 931 708 poenitentiae
949 629 1055 697 mitior,

154 734 305 813 conpositis
323 738 472 814 prioribus,
496 737 567 794 nihil
591 737 666 794 ultra
685 756 778 804 ausus,
796 733 939 793 Trebellio
958 732 1056 790 Maxi·

153 859 200 896 mo
223 840 395 916 provinciam
419 840 544 898 tradidit.
589 839 748 898 Trebellius
773 840 894 916 segnior,
915 845 945 894 et
967 837 1055 894 nullis

154 954 310 1001 castrorum
333 945 539 1022 experimentis,
557 946 688 1002 comitate
708 946 828 1021 quadam
849 940 964 1001 curandi
989 962 1055 1019 pro-

153 1050 274 1107 vinciam
286 1051 386 1108 tenuit.
428 1050 562 1108 Didicere
572 1052 633 1127 jam
641 1050 756 1107 barbari
768 1067 880 1126 quoqne
893 1048 1053 1124 ignoscere,

153 1153 230 1210 vitiis
252 1153 480 1221 blandientibus3
508 1165 538 1210 et
559 1154 735 1210 interventus
760 1153 883 1210 civilium
909 1171 1055 1209 armorum

150 1260 280 1337 praebuit
297 1260 404 1335 justam
418 1259 554 1335 segnitiae
574 1259 790 1316 excusationem.
841 1256 897 1315 Sed
911 1255 1053 1313 discordia

152 1363 319 1432 laboratum,
339 1383 403 1420 cum
428 1363 560 1420 adsuetus
582 1363 802 1439 expeditionibus
820 1362 901 1418 miles
919 1361 977 1417 otio
998 1360 1054 1417 las·

152 1469 259 1526 civiret.
301 1468 467 1538 Trebellius,
481 1469 551 1546 fuga
567 1489 602 1527 ac
614 1469 730 1526 latebris
743 1470 832 1526 vitata
847 1467 987 1525 exercitus
1002 1467 1054 1533 ira,

151 1572 300 1629 indecorus
313 1581 397 1649 atque
410 1573 533 1642 humilis,
547 1574 673 1650 precario
686 1592 752 1631 mox
765 1572 905 1650 praefuit:
926 1591 959 1628 ac
972 1571 1053 1628 velut

152 1677 235 1754 pacti,
249 1678 386 1735 exercitus
400 1669 550 1746 licentiam,
566 1678 621 1735 dux
639 1678 766 1746 salutem,
780 1677 849 1753 haec
870 1676 970 1733 seditio
990 1677 1052 1732 sine

153 1783 287 1858 sanguine
308 1783 396 1864 stetit.
434 1781 497 1839 Nec
515 1781 628 1840 Vettius
647 1781 781 1850 Bolanus,
801 1780 978 1839 manentibus
1002 1779 1051 1836 ad·

151 1885 207 1943 buc
228 1887 354 1945 civilibus
374 1887 465 1956 bellis,
486 1887 603 1963 agitavit
620 1887 796 1946 Britanniam
816 1885 980 1962 disciplina:
1003 1903 1050 1941 ea-

152 1991 216 2048 dem
239 1992 339 2048 inertia
363 2010 432 2067 erga
454 1991 558 2060 hostes,
581 1992 679 2049 similis
698 1992 852 2069 petulantia
871 1999 1048 2047 castrorum:

151 2088 206 2159 uisi
229 2095 305 2172 quod
327 2095 462 2152 innocens
489 2094 624 2163 Bolanus,
645 2105 673 2153 et
696 2096 781 2153 nullis
802 2095 909 2153 delictis
929 2095 1050 2161 invisus,

152 2202 296 2257 caritatem
309 2209 458 2277 paraverat
471 2200 534 2257 loco
549 2202 733 2259 auctoritatis.
767 2224 769 2228 ·

192 2304 292 2361 XVII.
315 2290 317 2294 ’
332 2303 396 2372 Sed,
407 2304 456 2360 ubi
470 2324 534 2361 oum
548 2313 643 2362 cetero
656 2307 725 2362 orbe
735 2304 924 2381 Vespasianus
938 2311 968 2359 et
981 2301 1050 2359 Bria

151 2409 276 2466 tanniam
295 2408 468 2485 reciperavit,
483 2411 579 2486 magni
593 2409 687 2479 duces,
701 2410 807 2487 egregii
825 2410 972 2475 exercitus,
992 2407 1047 2462 mi-

150 2520 219 2570 nuta
231 2512 354 2570 hostium
373 2532 446 2590 spes.
487 2514 526 2571 Et
543 2523 681 2572 terrorem
702 2516 797 2573 statim
816 2514 911 2572 intulit
925 2512 1047 2570 Petilius

152 2618 280 2683 Cerialis,
293 2618 461 2695 Brigantum
479 2621 629 2689 civitatem,
648 2640 720 2696 quae
739 2620 969 2680 numerosissima
979 2637 1048 2694 pro·

149 2726 259 2782 vinciae
277 2726 363 2782 totius
382 2725 553 2802 perhibetur,
575 2725 744 2802 adgressus:
767 2725 857 2782 multa
875 2724 990 2801 proelia,
1015 2732 1047 2781 et

149 2830 299 2906 aliquando
318 2850 375 2887 non
395 2831 559 2888 incruenta:
584 2850 771 2907 magnamque
791 2829 960 2905 Brigantum
978 2847 1047 2905 par-

148 2942 207 2990 tem
224 2942 272 2990 aut
290 2933 407 2990 victoria
424 2932 576 3009 amplexus,
601 2943 649 2990 aut
667 2933 751 2991 bello.
792 2934 910 2991 Etcum
925 2934 1049 2993 Cerialis

149 3036 262 3114 quidem
280 3036 393 3093 alterius
414 3038 582 3094 successoris
602 3057 697 3095 curam
716 3038 876 3115 famamque
896 3040 1049 3107 obmisset,

149 3142 281 3199 sustinuit
301 3160 413 3218 quoque
432 3142 535 3198 molem
555 3142 649 3200 Julius
670 3143 831 3213 Frontinus,
851 3145 897 3202 vir
912 3163 1048 3220 magnus,

148 3253 284 3323 quantum
297 3245 406 3314 licebat,
421 3246 598 3322 validamque
616 3257 645 3304 et
662 3267 818 3324 pugnacem
835 3249 959 3307 Silurum
972 3267 1047 3324 gen-

148 3360 208 3409 tem
238 3351 325 3408 armis
358 3350 479 3426 subegit,
504 3371 588 3427 super
611 3353 744 3411 virtutem
767 3354 890 3412 hostium
916 3354 1048 3411 locorum

147 3476 258 3534 quoque
273 3456 448 3513 difficultates
462 3455 609 3514 eluctatus.
766 3507 771 3514 .

189 3561 304 3620 XVIII.
344 3561 430 3619 Hunc
444 3560 606 3620 Britanniae
620 3571 732 3633 statum,
746 3564 797 3622 has
811 3565 951 3623 bellorum
966 3565 1048 3623 vices
