2242 3992
274 793 529 868 CORNELII
557 791 735 867 TACITI

469 1028 548 1068 VITA

173 1200 365 1288 JULII
405 1202 844 1288 AGRICOLAE.

450 1464 570 1478 ..ιι-..ιώ

21 1568 22 1583 ³
105 1570 126 1630 l.
164 1574 346 1635 Ctauorum
366 1577 491 1636 virorum
508 1579 583 1636 facta
600 1596 747 1655 moresque
760 1578 877 1656 posteris
891 1584 963 1635 tra-·

72 1673 134 1746 dere,
147 1680 297 1757 antiquitus
310 1683 452 1753 usitatum,
471 1700 507 1741 ne
524 1685 628 1742 nostris
641 1684 754 1760 quidem
766 1683 946 1759 temporibus,

72 1799 222 1861 quamquam
235 1786 376 1875 incuriosa
387 1806 501 1845 suorum
514 1797 590 1847 aetas
604 1782 705 1857 om'islt,
719 1788 848 1864 quotiens
868 1804 946 1860 mag·

71 1904 100 1943 na
114 1882 200 1967 rlliqua
218 1911 252 1948 ac
272 1891 372 1949 nobilis
391 1895 480 1950 virtus
503 1894 571 1951 vicit
588 1913 621 1950 ac
638 1910 820 1969 supergressa
840 1899 883 1947 est
904 1890 946 1944 vi·

71 1992 128 2050 tium
150 1998 243 2072 parvis
269 1999 433 2076 magnisque
456 2000 613 2057 civitatibus
638 2017 792 2064 commune,
816 1997 946 2072 ignoran-

70 2096 124 2154 liam
136 2102 203 2158 recti
217 2111 246 2158 et
257 2086 399 2160 invidiam.
441 2103 497 2161 Sed
515 2103 590 2180 apud
606 2103 713 2180 priores
732 2111 768 2158 ut·
780 2115 863 2177 agere
887 2117 945 2155 me·

69 2213 162 2262 moratu
175 2205 261 2282 digno
272 2226 392 2282 pronum
404 2208 548 2284 magisque
573 2208 601 2264 iu
622 2216 718 2283 aperto
731 2214 800 2272 erat,
821 2204 860 2261 ita
873 2202 944 2260 cele·

69 2303 190 2368 terrim
203 2311 321 2387 quisque
335 2312 457 2388 ingenio,
471 2311 507 2368 ad
525 2311 696 2388 prodendam
716 2309 826 2367 virtutis
839 2326 944 2365 memo-

69 2410 133 2482 fiaffl,
147 2417 206 2472 sine
219 2416 311 2492 gratia
322 2426 371 2474 aut
388 2418 548 2485 ambitione,
568 2418 658 2474 bonae
675 2425 784 2474 tantum
802 2415 944 2473 conscien-

21 2580 22 2587 ἵ
67 2514 111 2573 tiae
131 2522 219 2596 pretio
243 2521 404 2580 ducebatur.
459 2522 505 2580 Ac
528 2522 654 2600 plerique
678 2542 757 2579 suam
778 2522 830 2599 ipsi
857 2521 944 2577 vitam

67 2637 166 2683 narsus
186 2627 317 2688 fiduciam
329 2630 421 2706 potius
445 2647 555 2685 morum
580 2647 664 2704 quam
687 2626 879 2702 adrogantiam
900 2643 944 2680 ar-

66 2723 146 2786 bitrati
163 2741 247 2790 sunt:
266 2753 319 2790 nec
339 2732 369 2790 id
388 2733 496 2797 Rutilio
520 2741 548 2789 et
572 2731 677 2790 Scauro
700 2731 770 2788 citra
790 2729 874 2786 fidem
895 2736 943 2783 aut

21 2852 23 2865 “
66 2831 245 2894 obtrectationi
262 2838 336 2896 finit:
359 2839 429 2897 adeo
447 2839 565 2897 virtutes
588 2837 687 2894 iisdem
707 2834 877 2911 temporibus
894 2851 942 2908 op·

65 2932 120 2992 fitne
131 2940 322 3009 aestimantur,
336 2942 437 3018 quibus
450 2942 584 2999 facillime
597 2943 760 3018 gignuntur.

97 3040 133 3099 ll.
172 3046 216 3103 At
227 3046 304 3116 mihi,
318 3064 392 3106 nunc
405 3056 552 3105 narraturo
570 3047 656 3105 vitam
676 3046 800 3104 defuncti
812 3045 941 3121 hominis,

66 3144 219 3225 veull'opus
232 3149 307 3219 fuit3
326 3171 411 3227 quam
430 3171 487 3209 non
507 3153 647 3229 petissem,
661 3154 691 3209 ni
711 3161 872 3210 cursaturus
884 3161 942 3209 tam

67 3263 136 3308 sueva
160 3262 189 3310 et
215 3255 317 3313 infesta
343 3257 492 3314 virtutibus
515 3266 650 3335 tempora.
702 3256 846 3333 Legimus,
879 3276 942 3314 cunr

21 3394 22 3397 =
65 3349 179 3417 ameno
200 3359 317 3419 Rustico
339 3361 442 3420 Paetus
466 3361 601 3430 Thrasea,
626 3361 771 3419 Herennio
796 3361 941 3420 Senecioni

67 3452 164 3520 Priscus
178 3464 325 3525 Helvidius
340 3467 444 3526 laudati
462 3446 565 3538 essent,
584 3469 701 3546 capitale
721 3468 828 3525 fuisse:
849 3485 940 3541 neque

65 3558 87 3616 in
98 3564 165 3640 ipsos
177 3570 259 3629 modo
273 3581 408 3644 auctores,
423 3573 514 3632 sedin
527 3574 613 3633 libros
633 3593 743 3651 quoque
761 3590 858 3629 eorum
877 3588 937 3627 sae·
