2242 3992
140 334 177 390 lo
496 343 655 385 ‚sacrrua

148 536 153 543 .
177 488 287 547 XXIV.
328 487 425 546 Genus
448 482 668 562 spectaculorum
691 499 778 537 unum
799 487 883 555 atque
904 473 1026 533 inomni

138 603 219 653 coetu
240 593 322 650 idem.
381 590 458 649 Nudi
483 591 610 666 juvenes,
638 587 739 664 quibus
765 584 795 645 id
817 584 955 657 ludicrum
976 579 1026 647 es't,
1114 566 1115 613 l

138 701 212 761 inter
237 698 344 775 gladios
368 716 398 754 se
420 704 503 772 atque
529 694 647 750 infestas
667 692 793 749 <frameas
820 688 892 748 saltu
911 686 1027 763 jaciunt.
1114 772 1115 775 Ἰ

35 792 37 795 ’
142 807 311 867 Exercitatio
329 813 418 862 artem
441 803 558 880 paravit,
579 821 625 859 ars
649 800 786 867 decorem,
806 817 863 855 non
884 798 912 853 in
931 814 1028 873 quaes·

140 925 201 975 tum
218 924 320 982 tamen,
342 922 390 970 aut
412 910 589 968 mercedem:
619 908 746 985 quamvis
766 906 877 964 audacis
900 894 1030 960 lasciuiae

141 1022 261 1099 pretium
281 1028 324 1076 est
350 1018 476 1094 voluptas
505 1016 696 1093 spectantium.
737 1012 840 1070 Aleam
865 1009 956 1089 (quod
979 1008 1030 1064 nii·
1114 1000 1115 1033 ³

141 1123 219 1198 rere)
243 1124 330 1182 sobrii
356 1124 433 1180 inter
456 1122 538 1180 seria*
555 1130 693 1189 exercent,
719 1105 799 1177 tanta
820 1115 946 1175 lucrandi
969 1132 1031 1191 per·

141 1230 259 1288 dendive
281 1228 446 1295 temeritate,
469 1236 511 1295 ut,
532 1247 595 1284 cum
611 1226 704 1284 clonia
725 1225 885 1291 defecerint,
908 1230 1032 1279 extremo

142 1335 340 1393 sonorissimo
350 1333 428 1408 jactu
441 1332 476 1389 de
489 1333 619 1390 libertate
632 1341 661 1390 et
674 1331 712 1389 de
723 1344 839 1408 corpore
853 1326 1032 1386 contendant.

144 1440 242 1497 Victus
262 1437 446 1495 voluntariam
463 1438 626 1495 servitutem
644 1438 724 1494 adit.
745 1435 871 1513 quamvis
892 1432 1033 1510 juvenior,

142 1565 244 1622 quamv
256 1564 269 1601 s
266 1545 436 1662 ppbnstior,
450 1544 601 1620 adligari
581 1564 658 1601 scae
670 1543 767 1600 venire
780 1542 893 1619 patimr.
935 1538 979 1596 Ea
992 1549 1035 1594 est
1114 1596 1115 1603 χ

6 1671 171 1753 ΜΝΞ]
185 1670 216 1707 re
229 1565 500 1745 pilavapervioacia3
519 1650 573 1726 ipsi
591 1648 675 1706 fidem
692 1657 802 1706 vocant.
844 1647 946 1705 Servos
968 1662 1034 1701 con·
1114 1644 1115 1707 J

144 1756 191 1814 dit
172 1756 254 1813 tronis
268 1756 353 1833 hujus
366 1775 416 1839 per
434 1755 600 1823 commercia
618 1754 740 1822 tradunt,
756 1762 791 1811 ut
807 1773 837 1810 se
855 1770 966 1829 quoque
974 1766 1035 1826 pu-

144 1865 212 1922 dore
224 1864 356 1921 victoriae
370 1817 554 1921 exsppvtffipss

181 1968 280 2031 ¹.XXV
320 1968 429 2027 Ceteris
450 1969 547 2037 servis,
570 1968 627 2025 non
650 1968 680 2023 in
701 1966 829 2024 nostium
855 1962 972 2031 morem,
995 1961 1036 2018 di·

144 2075 254 2152 scriptis
271 2092 321 2150 per
338 2072 472 2129 familiam
487 2073 658 2142 ministeriis,
682 2080 809 2128 utimtur.
851 2069 937 2129 Suam
960 2067 1037 2145 quis·

145 2199 200 2256 qne
220 2178 323 2245 sedem,
345 2197 409 2233 suos
429 2184 543 2253 penates
559 2178 641 2253 regit.
691 2176 836 2234 Frumenti
854 2175 970 2232 modum
988 2172 1038 2230 do·

146 2289 247 2355 minue,
268 2294 316 2343 aut
335 2287 452 2361 pecoriS,
479 2294 527 2342 aut
548 2287 643 2354 vestis,
666 2292 699 2342 ut
720 2285 827 2353 colono,
849 2285 990 2362 iujungit3
1009 2291 1039 2340 et
1114 2350 1115 2353 Ἴ

146 2414 244 2452 servus
267 2393 402 2450 haetenus
423 2402 511 2469 paret.
549 2394 654 2452 Cetera
677 2393 775 2450 domus
799 2392 889 2450 officia
911 2399 983 2448 uxor
1005 2408 1040 2446 ac
1114 2426 1115 2429 =

146 2498 227 2557 liberi
251 2500 448 2574 exsequuntur.⁴
501 2497 659 2556 Verberare
681 2516 793 2554 servum
816 2517 849 2554 ac
870 2495 988 2555 vinculis
1008 2503 1040 2552 et

147 2628 232 2688 opere
245 2625 382 2675 coercere,
401 2624 504 2664 rarum.
546 2606 682 2664 Occidere
696 2607 795 2676 solent,
816 2626 873 2663 non
895 2598 1042 2683 disciplina
1114 2588 1115 2629 ³

149 2731 177 2779 et
199 2720 353 2786 severitate,
373 2716 423 2774 sed
442 2717 538 2793 inpetu
556 2724 587 2773 et'
602 2717 652 2785 ira
674 2725 705 2773 nt
721 2718 872 2785 inimicum,
891 2717 946 2773 nisi
964 2715 1043 2792 quod
1114 2734 1115 2759 ὲ

148 2832 260 2907 inpune.
307 2826 416 2884 Liberti
435 2842 492 2882 non
514 2825 635 2881 multum
658 2845 743 2902 supra
764 2845 859 2882 servos
881 2832 953 2892 sunt,
974 2842 1044 2880 raro

148 2935 261 3013 aliquod
278 2942 449 2991 momentum
465 2934 494 2989 in
513 2933 604 3000 domo,
625 2928 777 3011 numquam
793 2935 822 2990 in
841 2934 969 2998 civitate3
989 2950 1043 2987 ex·

149 3044 235 3121 ceptis
250 3042 421 3098 dumtaxat''
404 3061 439 3097 ns
456 3043 595 3117 gentibus,
616 3060 688 3118 quae
706 3050 867 3118 regnantur.
907 3030 951 3098 lbi
964 3040 1045 3096 enirn
1114 3048 1115 3097 ἰ

148 3161 177 3209 et
190 3170 273 3227 super
285 3151 420 3225 ingenuos
435 3158 463 3206 et
477 3168 559 3227 super
576 3151 685 3207 nobiles
698 3149 886 3207 adscendunt:
907 3146 982 3225 apud
995 3167 1046 3204 ce·
1114 3168 1115 3205 l

146 3266 222 3315 toros
236 3257 345 3333 inpares
359 3255 481 3312 libertini
494 3256 631 3312 libertatis
644 3263 839 3330 argumentum
853 3262 927 3310 sunt.
975 3287 978 3292 ·

188 3358 299 3418 XXVI.
340 3358 432 3416 Fenus
448 3344 554 3434 agitare
573 3369 601 3416 et
621 3361 651 3416 in
671 3379 770 3417 usuras
790 3358 940 3417 extendere
960 3358 1046 3433 igno-

146 3479 227 3527 tum:
248 3466 365 3543 ideoque
387 3466 479 3541 magis
504 3474 640 3535 servatur,
662 3486 746 3543 quam
768 3466 792 3523 si
816 3456 937 3522 vetitum
958 3475 1049 3525 esset.
1114 3534 1115 3537 Ἰ

62 3562 68 3569 ’
148 3573 222 3649 Agri
241 3589 292 3649 pro
311 3589 428 3628 numero
448 3570 586 3627 cultorum
607 3572 642 3628 ab
662 3572 802 3628 universis
820 3573 849 3628 in
868 3573 944 3630 vices
958 3591 1048 3630 occu·
1114 3582 1115 3653 ᾗ
