2242 3992
374 362 551 406 1101111011
574 363 670 406 11111111
692 366 714 406 1.
950 350 988 405 97

95 500 204 579 trepida
226 500 324 558 civitas
347 501 475 560 incusare
487 502 640 572 Tilurium,
662 504 742 581 quod,
764 504 833 561 dum
849 514 946 580 potres
967 515 992 562 et

92 609 207 686 piatam,
224 608 352 667 invalida
371 619 398 667 et
416 611 548 680 inermia,
562 612 733 669 cunctatione
741 612 813 687 sicta
825 609 988 687 ludificetur,

96 714 228 773 dissideat
240 715 354 773 interim
367 714 455 785 medes,
464 735 551 792 neque
564 717 684 773 duorum
697 715 907 773 adoleuentium
920 736 989 791 non·v

94 813 161 870 dum
183 812 284 870 adulta
310 813 470 871 auctoritate
492 813 632 888 conprimi
654 821 756 889 queat:
790 814 832 870 ire
852 813 944 888 ipsum
965 822 990 870 et

95 917 226 993 obponere
240 919 411 994 majestatem
431 918 643 994 imperatoriam
663 917 786 975 debuisse
806 921 922 975 cessuris
942 917 990 973 ubi

90 1024 252 1099 principem
262 1023 344 1100 bmpa
357 1024 536 1099 experientia,
543 1024 722 1099 eundumque
733 1025 884 1081 seueritatis
894 1033 920 1082 et
929 1043 991 1080 mu·

95 1127 252 1203 nificentioe
260 1147 405 1185 summum
414 1129 555 1185 uidissent.
576 1129 624 1186 An
633 1128 885 1205 Aupustum,fessa
895 1139 990 1197 oetate,

93 1234 186 1290 totiens
207 1235 240 1291 in
257 1233 428 1292 Germanias
448 1253 591 1292 conmeare
599 1237 743 1311 potuisse:
771 1234 924 1303 Tiberium,
946 1234 986 1290 oi-

92 1348 198 1413 pentem
208 1340 305 1408 annu,
315 1340 406 1397 sedere
416 1341 447 1398 in
455 1350 563 1409 senatu
572 1341 653 1400 aerbo
658 1352 777 1417 patrum
790 1338 986 1398 coementem?

56 1523 60 1534 ι
94 1445 157 1501 satis
170 1454 352 1520 prospectum
370 1445 495 1504 arbonae
512 1447 659 1505 servituti:
691 1446 859 1504 militaribus
881 1447 987 1503 animis

95 1539 392 1622 adhibendofhmenta,
407 1560 438 1607 ut
441 1550 526 1624 ferre
533 1571 635 1626 parem
648 1551 740 1609 uelint.

131 1653 259 1712 XLVII.
299 1654 442 1713 Inmotum
462 1655 597 1714 adversus
618 1676 666 1714 eos
686 1676 827 1714 sermones
847 1656 988 1733 fixumque

97 1758 207 1816 Tiberio
223 1759 278 1816 fuit
290 1779 347 1817 non
360 1761 489 1818 omittere
502 1770 586 1838 caput
599 1781 702 1830 rerum,
716 1781 807 1838 neque
826 1781 856 1818 se
873 1781 988 1838 remque

23 1866 26 1873 '
97 1864 234 1939 publicam
247 1865 277 1922 in
291 1885 387 1923 casum
401 1866 478 1924 dere.
513 1866 609 1925 Mults
622 1867 724 1944 quippe
738 1876 766 1924 et
780 1866 890 1924 diversa
903 1886 988 1943 ange·

97 1967 177 2028 bont:
198 1971 320 2029 validior
330 1992 386 2048 per
403 1972 591 2033 Germaniam
614 1973 756 2040 exercitus,
770 1972 889 2047 propior
911 1972 992 2045 apud

96 2073 301 2135 Pannoniam:
324 2075 368 2134 dle
385 2077 547 2135 Galliarum
562 2077 658 2153 opibus
674 2076 817 2142 ruhniam,
829 2075 873 2132 In‘c
886 2074 989 2133 Itoiioe

96 2181 257 2240 inminens:
279 2202 346 2259 quos
359 2184 445 2259 ipitur
458 2180 632 2257 anteferrd?
654 2201 687 2238 ac
707 2201 742 2238 ne
758 2182 903 2257 postpesrw'ti
923 2199 987 2237 con-

96 2286 208 2344 tumelia
221 2288 443 2346 incenderentur.
484 2284 525 2344 Ar
537 2306 594 2362 per
606 2285 684 2363 filios
697 2287 809 2362 pariter
827 2286 913 2353 adiri,
926 2305 986 2343 ma-

89 2389 181 2462 jana
207 2391 306 2456 saiua;
328 2393 377 2449 cui
397 2394 487 2469 major
508 2391 683 2468 eleonpinquo
706 2394 881 2449 reverentie:
903 2391 990 2448 simul

95 2496 303 2556 adousccntibas
325 2507 484 2555 eminatam
507 2499 645 2573 quaedam
664 2498 705 2554 ad
720 2507 833 2573 patrem
854 2498 964 2574 rejicere
972 2517 986 2561 ,·

97 2599 298 2675 saurentisqoe
315 2599 481 2658 Germanico
501 2608 553 2656 aut
565 2597 661 2655 Druso
675 2618 757 2674 posse
776 2618 795 2655 a
815 2617 843 2655 se
863 2599 989 2674 mitipori

97 2701 136 2759 od
148 2704 293 2781 infrinpi:
309 2705 384 2781 quod
394 2703 476 2761 aliud
486 2705 651 2773 subsidium,
661 2707 688 2762 si
700 2706 892 2780 imperatorem
911 2723 990 2778 spre-

94 2807 218 2866 vinem?
265 2808 408 2879 Ceterum,
422 2818 454 2867 ut
464 2810 524 2887 jam
534 2810 650 2887 jamque
661 2810 760 2878 iturus,
774 2809 843 2884 legit
863 2808 987 2876 comites,

94 2914 259 2990 conquisivit
278 2915 474 2992 inpedimenta,
493 2915 640 2973 adornavit
659 2934 762 2972 naves:
782 2933 847 2971 mox
865 2912 986 2970 hiemem
1086 2966 1088 2971 .

98 3024 142 3072 1111
154 3018 268 3094 negotia
280 3020 357 3077 varie
371 3027 508 3087 causatus,
518 3020 608 3096 primo
616 3019 775 3097 prudentes,
786 3017 850 3075 dein
860 3017 986 3095 vulgum,

97 3117 247 3180 diutissime
259 3124 418 3201 provincias
431 3124 541 3181 fefellit.
575 3178 579 3189 ,

134 3226 273 3287 XLVIII.
315 3231 357 3288 At
371 3230 567 3299 Germanicus,
588 3248 757 3307 quamquam
778 3238 920 3287 contracto
941 3248 988 3286 ex-

99 3332 192 3403 ercitu,
217 3343 245 3392 et
268 3343 365 3412 pariis
385 3336 414 3391 in
439 3335 595 3393 defectores
619 3334 734 3403 ultione,
754 3333 876 3391 dandum
899 3333 989 3391 adhuc

100 3438 213 3511 spatium
235 3449 322 3510 retus,
342 3441 366 3498 si
386 3442 491 3499 recenti
511 3439 638 3517 exemplo
659 3440 783 3517 sibiipsi
804 3439 989 3507 consulerent,

96 3546 241 3614 praemittit
251 3547 359 3604 litteras
370 3547 406 3604 ad
416 3547 576 3615 Caecinam,
587 3548 684 3604 uenire
696 3544 828 3604 meotida
838 3564 936 3612 manu,
948 3564 990 3613 ac,

851 3664 873 3703 11
