2242 3992
425 344 611 388 oannem.
924 328 961 386 15
1044 384 1057 413 ᾇ

931 424 938 439 ,ι
1052 414 1061 435 ι

80 481 183 542 domurn
195 505 251 544 non
266 487 376 546 invitati
394 486 516 547 adeunt:
536 508 589 546 nec
602 488 736 557 interest;
757 488 817 566 pari
825 424 979 546 Mami„
989 462 1013 487 ἰ

80 585 133 646 ta'te
151 590 333 669 adcipiuntur.
373 592 481 653 Notum
496 594 686 672 ignotumque,
709 604 845 672 quantum
862 594 899 652 ad
913 595 962 671 jus

79 691 194 772 hospitii,
216 716 300 755 nemo
324 697 464 757 discernit.
505 699 639 769 Abeunti,
662 700 686 756 si
708 700 775 776 quid
796 699 962 776 poposcerit,

79 801 224 858 concedere
246 804 353 861 moris:
373 813 402 862 et
421 805 582 882 poscendi
575 805 694 862 mvicem
715 805 812 863 eadem
835 805 965 862 facilitas.

79 905 207 967 Gaudent
219 911 401 969 muneribus:
422 911 471 969 sed
483 932 536 970 nec
549 912 631 970 data
623 931 691 988 1npu
739 919 760 980 t,
775 931 827 969 nec
845 911 967 989 acceptis

77 1012 239 1089 obligantur.
281 1016 401 1074 Victus'
393 1016 602 1101 mterhospites
617 975 734 1075 odinis

81 1116 212 1178 XXII.
258 1118 359 1178 Statim
379 1140 395 1178 c
417 1141 523 1190 somno,
547 1140 632 1198 quem
653 1121 848 1199 plerumque
841 1139 870 1177 ιιι
894 1120 968 1177 diem

77 1221 231 1292 extrahunt,
244 1223 382 1293 lavantur,
405 1225 513 1303 saepius
532 1225 630 1293 calida,
646 1235 679 1282 ut
700 1225 774 1303 apud
792 1244 862 1302 quos
881 1225 968 1302 pluri·

76 1343 149 1383 mum
169 1327 259 1389 hiems
277 1338 404 1407 occupet.
442 1329 528 1388 Lauti
551 1330 645 1387 cibum
667 1331 801 1407 capiunt:
823 1337 967 1407 separatae

76 1429 187 1506 singulis
211 1434 293 1491 sedes
317 1442 346 1492 et
367 1454 418 1492 sua
438 1436 539 1512 cuique
562 1454 682 1493 mensa:
708 1436 769 1492 tum
790 1435 827 1493 ad
846 1435 968 1510 negotia,

77 1554 124 1594 nec
141 1539 233 1597 minus
252 1541 335 1617 s'aepe
352 1540 389 1598 ad
406 1541 542 1609 convivia,
559 1540 714 1617 procedunt
733 1541 841 1598 armati.
882 1539 970 1597 Diem

77 1652 238 1722 noctemque
264 1646 427 1703 continuare
447 1645 579 1723 potando,
600 1645 670 1702 nulli
702 1647 865 1722 probrum„
902 1645 971 1704 Cre·

76 1854 156 1913 aede
174 1864 203 1912 et
223 1856 385 1914 vulneribus
403 1857 605 1933 transiguntur.
647 1855 704 1914 Sed
722 1864 751 1912 et
770 1855 805 1912 de
824 1855 969 1912 reconcili-

74 1959 149 2019 andis
167 1961 288 2019 invicem
305 1963 424 2035 nilmicis
442 1972 471 2020 et
487 1961 639 2039 jungendis
659 1961 849 2018 adfinitatibus
871 1969 899 2017 et
919 1959 968 2018 ad·

78 1745 148 1817 brae,
166 1758 199 1807 ut
219 1751 292 1808 inter
313 1751 477 1820 vinolentos,
500 1753 586 1820 rixae,
604 1742 672 1809 vraro
694 1751 835 1819 conviciis,
859 1751 969 1827 saepius

73 2066 222 2124 sciscendis
249 2067 428 2144 principibus,
451 2067 486 2133 de
507 2088 576 2145 pace
598 2067 718 2144 denique
739 2086 773 2123 ac
801 2065 884 2134 bello,
909 2065 968 2143 ple·

19 2164 21 2227 l
74 2191 191 2250 rumque
217 2173 248 2231 ἱιι
271 2174 405 2230 conviviis
427 2173 595 2242 consultant,
615 2181 759 2249 tamquam
779 2170 858 2228 nullo
879 2170 968 2246 magis

19 2314 21 2363 p
73 2285 199 2354 ternpore
211 2285 261 2339 aut
273 2277 310 2336 ad
323 2278 344 2334 s'
375 2278 461 2356 pliccs
475 2279 657 2354 cogitationes
670 2285 766 2355 pateat
781 2276 900 2344 animus,
919 2284 968 2333 aut

19 2398 20 2469 p
75 2383 109 2440 sd
135 2402 254 2458 magnas
307 2392 435 2442 cacscat.
489 2383 569 2443 Gens
592 2403 650 2441 non
668 2390 769 2506 astpta
794 2401 846 2440 nec
869 2380 973 2445 callido

19 2488 21 2545 ἴ
76 2495 166 2574 aperit
179 2493 271 2552 adhuc
285 2500 391 2551 secreta
404 2493 523 2570 pectoris
537 2492 649 2550 licentia
662 2463 736 2607 jd}
770 2490 848 2565 Ergo
862 2478 999 2547 detecta*
1016 2495 1018 2499 ’

19 2672 20 2677 ¹
76 2609 103 2661 et
121 2599 199 2658 nuda
216 2600 341 2657 omnium
360 2618 440 2656 mens
456 2606 570 2676 postera
589 2596 634 2654 die
651 2556 825 2664 &incidit
844 2603 873 2651 et
893 2593 971 2651 salva

19 2698 20 2721 ³
76 2708 222 2784 utriusque
240 2701 374 2784 tempo'ris
395 2707 467 2764 ratio
490 2715 543 2767 est.
583 2704 759 2773 Deliberant,
768 2703 846 2767 udum
864 2701 970 2776 fingere

75 2819 223 2876 nesciuntz
244 2817 427 2884 constituunt,
441 2815 508 2874 dum
521 2833 616 2873 errare
628 2832 685 2870 non
695 2818 821 2890 possunt.

114 2923 231 2983 XXHI.
283 2923 366 2982 Potui
386 2923 489 2980 humor
500 2932 552 3029 pepo
569 2920 675 2979 hordeo
698 2929 747 2978 aut
769 2918 920 2985 frumento,
942 2917 971 2972 in

19 3076 21 3111 ι
74 3024 684 3112 qmmdamsimilitudinemvinneonruptus.
718 3028 843 3085 Proximi
856 3028 933 3104 ripae
944 3036 973 3084 et

19 3120 21 3127 Ι
73 3142 173 3199 vinum
185 3147 355 3199 mercantur.
386 3138 450 3198 Cibi
464 3136 624 3214 simplices;
643 3133 972 3211 agrestiapomarccens

19 3256 20 3267 ¹
75 3246 147 3314 fera,
173 3253 222 3302 aut
242 3245 287 3303 lac
309 3250 478 3308 concretum.
536 3240 604 3299 Sine
625 3239 768 3317 adparatu,
786 3238 846 3295 sine
865 3234 1084 3316 blandi-Sum*

75 3353 189 3421 mentis,
201 3351 343 3429 expellunt
351 3350 465 3411 famem.
491 3348 638 3407 Adversus
647 3347 722 3405 sitim
730 3366 786 3403 non
795 3344 892 3404 eadem
902 3354 973 3401 tem·
1003 3322 1031 3353 ‘'

77 3456 215 3536 perantia
237 3454 268 3513 Si
277 3454 426 3513 indulseris
435 3454 570 3522 ebrietati
579 3449 754 3528 suggerendo
764 3458 899 3526 quantum
909 3464 975 3503 con,-

19 3554 21 3653 j
78 3565 236 3641 cupiscunt‚
248 3560 325 3620 haud
337 3560 429 3618 minus
439 3558 521 3621 facile
531 3557 607 3616 vitiis
622 3576 708 3634 qnam
718 3555 802 3612 armis
813 3554 969 3609 vincentur.
