2242 3992
144 367 201 423 112
517 381 665 425 racrrus.

140 521 224 579 velit:
240 523 378 598 potiorem
388 523 457 599 jam
476 523 557 599 opud
575 522 707 581 imatos
724 517 927 598 Aym'ppinom,
947 538 1030 595 qaam

140 626 247 703 tenatos,
262 646 348 703 quam
367 628 469 686 donea:
493 645 668 704 conprensam
688 646 707 684 o
726 626 843 685 moliare
862 627 1028 695 seditionem,

139 734 187 790 oni
209 753 310 791 nomen
327 733 472 808 prinmfflb
495 733 619 790 obtutare
638 752 694 791 non
716 733 843 808 quiverit.
884 731 1030 789 Adoende·

138 838 187 893 bat
210 836 279 894 haec
302 836 490 914 onerabatque
516 836 644 912 SejanuS,
668 837 769 914 peritia
791 856 901 894 mamm
916 836 1029 900 Tiberii,

139 942 203 999 odia
226 942 256 999 in
278 942 395 1019 longum
409 941 526 1017 jaciens,
547 961 620 1019 quaa
638 941 802 999 reconderet
819 950 955 1019 auctaque
967 960 1030 1019 pro·

137 1055 235 1105 meret.

177 1152 272 1211 LXX.
313 1154 356 1212 At
370 1154 556 1213 Germanicus
570 1135 720 1231 legionum,
735 1173 804 1230 quas
817 1153 935 1211 navibus
949 1172 1030 1211 vere·

137 1273 190 1333 rat,
209 1262 360 1321 secundam
378 1271 406 1321 at
427 1272 556 1340 quartam
576 1263 721 1333 decimam,
740 1264 840 1321 itinere
857 1262 983 1320 terrestri
999 1262 1030 1321 P.

137 1371 253 1429 Vitellio
272 1369 412 1428 ducendas
432 1370 526 1439 tradit,
540 1390 597 1447 quo
617 1369 706 1427 levior
724 1370 820 1427 elassis
837 1369 942 1427 vadoso
960 1370 1031 1427 mari

136 1479 246 1534 innaret
268 1475 315 1533 vel
337 1475 480 1553 reciproco
508 1475 620 1533 sideret.
674 1474 803 1532 Vitellius
831 1475 952 1552 primum
977 1474 1031 1531 iter

136 1584 210 1640 sicca
222 1581 309 1640 humo
328 1589 376 1639 aut
393 1580 503 1639 modios
520 1580 668 1638 adlabente
682 1585 761 1638 aestu
775 1581 901 1658 quietum
914 1579 1030 1637 habuitt

135 1707 201 1745 mox
226 1687 340 1765 inpulsu
366 1687 514 1764 aquilonis,
542 1687 626 1744 simul
653 1686 744 1744 sidere
771 1685 949 1763 aequinoctii,
975 1705 1032 1762 quo
1082 1675 1088 1687 ⁶

134 1794 254 1850 maxime
267 1792 398 1850 tumescit
411 1810 541 1860 oaeanuS,
555 1791 616 1869 rapi
630 1791 733 1869 agique
745 1810 855 1868 agmen.
887 1789 928 1848 Et
937 1790 1032 1867 obple-

134 1900 236 1957 bantur
248 1907 359 1956 terrae:
379 1896 477 1955 eadem
490 1896 573 1965 freto,
592 1896 676 1966 litori,
691 1897 794 1974 eampis
812 1897 919 1955 facies:
938 1915 1034 1973 neque

134 2005 254 2064 discerni
274 2013 404 2083 poterant
422 2006 530 2062 ineerta
549 2006 585 2062 ab
606 2004 711 2074 solidis,
725 2005 823 2063 brevia
845 2001 1033 2082 aprofimdis.

137 2111 307 2170 Sternuntur
321 2110 461 2179 fluetibus,
472 2107 640 2166 hauriuntur
653 2110 811 2186 gurgitibus
821 2113 959 2186 jumenta,
974 2129 1035 2167 aar·

134 2221 229 2288 einae3
249 2238 367 2296 corpora
379 2219 507 2277 exanima
521 2215 695 2287 interfluunt,
706 2218 866 2276 obcursant.
907 2211 1036 2278 Permis-

135 2335 232 2383 centnr
245 2326 319 2381 inter
337 2343 368 2380 se
386 2324 531 2401 manipuli,
544 2324 628 2381 modo
649 2333 770 2401 pectore,
784 2325 867 2382 modo
881 2344 930 2383 ore
947 2334 1037 2384 tenus

134 2438 284 2498 exstantes,
308 2429 457 2506 aliquando
476 2431 619 2489 subtracto
640 2431 700 2489 solo
720 2431 830 2507 disjecti
850 2441 899 2489 aut
918 2432 1016 2490 obruti
1023 2456 1038 2514 ,²

133 2554 191 2592 non
211 2554 266 2592 vox
284 2542 313 2591 et
330 2534 419 2591 mutui
437 2533 565 2592 hortatus
583 2536 734 2618 jurabant,
753 2535 919 2593 adversante
936 2536 1040 2595 unda:

134 2641 205 2699 nihil
218 2649 349 2699 strenuus
362 2640 398 2698 ab
411 2641 523 2718 ignavo,
538 2643 649 2719 sapiens
663 2641 698 2699 ab
712 2642 784 2712 rudi,
799 2643 916 2700 consilia
929 2662 945 2700 a
965 2662 1039 2701 easu

135 2746 263 2804 differre:
285 2753 385 2804 cuneta
404 2746 464 2822 pari
485 2746 619 2803 violentia
635 2745 858 2804 involvebantur.
903 2747 1040 2805 Tandem

134 2852 265 2910 Vitellius
278 2852 308 2909 in
322 2851 439 2910 editiora
452 2851 546 2908 enisus
560 2850 659 2908 eodem
676 2870 777 2927 agmen
796 2851 946 2910 subduxit:
968 2872 1040 2930 per·

133 2967 283 3016 noctavere
304 2959 365 3016 sine
388 2958 565 3025 utensilibus,
586 2958 646 3015 sine
666 2958 734 3035 igni,
748 2977 851 3035 magna
870 2978 936 3036 pars
954 2959 1039 3017 nudo

41 3085 44 3090 ·
134 3075 183 3124 aut
195 3067 317 3125 mulcato
331 3087 463 3144 corpore3
482 3066 558 3125 haud
570 3068 663 3124 minus
677 3068 848 3125 miserabiles
862 3088 947 3145 quam
962 3090 1040 3148 quoa

134 3171 223 3228 hostis
247 3172 444 3230 obeumsidet:
472 3174 576 3250 quippe
598 3172 654 3229 illis
675 3172 760 3229 etiam
777 3172 912 3231 honestae
931 3175 1038 3233 mortis

133 3294 209 3344 usus,
224 3274 268 3332 his
282 3275 433 3352 inglorium
451 3276 576 3333 exitium.
616 3276 681 3334 Lux
700 3276 821 3334 reddidit
837 3285 964 3347 terram3
984 3298 1038 3356 pe·

132 3387 329 3456 netratumque
352 3379 389 3436 ad
411 3399 522 3437 amnem
546 3380 707 3458 Unsingim,
731 3401 788 3459 quo
810 3383 917 3442 Caesar
940 3384 1037 3442 classe

135 3481 325 3539 contenderat.
365 3480 507 3560 Inpositae
530 3483 630 3541 deinde
653 3485 789 3562 legiones,
810 3496 931 3563 vagante
955 3475 1035 3545 fama
