<?xml version="1.0" encoding="UTF-8"?>
<!DOCTYPE html PUBLIC "-//W3C//DTD XHTML 1.0 Transitional//EN"
    "http://www.w3.org/TR/xhtml1/DTD/xhtml1-transitional.dtd">
<html xmlns="http://www.w3.org/1999/xhtml" xml:lang="en" lang="en">
 <head>
  <title>
</title>
<meta http-equiv="Content-Type" content="text/html;charset=utf-8" />
  <meta name='ocr-system' content='tesseract 3.04.00' />
  <meta name='ocr-capabilities' content='ocr_page ocr_carea ocr_par ocr_line ocrx_word'/>
</head>
<body>
  <div class='ocr_page' id='page_1' title='image "./germaniaagricol00btgoog_0132.png"; bbox 0 0 2242 3992; ppageno 0'>
   <div class='ocr_carea' id='block_1_1' title="bbox 158 356 678 418">
    <p class='ocr_par' dir='ltr' id='par_1_1' title="bbox 158 356 678 418">
     <span class='ocr_line' id='line_1_1' title="bbox 158 356 678 418; baseline 0.013 -7"><span class='ocrx_word' id='word_1_1' title='bbox 158 356 198 412; x_wconf 82' lang='grc'><strong>46</strong></span> <span class='ocrx_word' id='word_1_2' title='bbox 530 366 678 418; x_wconf 72' lang='lat' dir='ltr'><strong>tarmus.</strong></span> 
     </span>
    </p>
   </div>
   <div class='ocr_carea' id='block_1_2' title="bbox 124 494 1115 2270">
    <p class='ocr_par' dir='ltr' id='par_1_2' title="bbox 158 494 1115 1111">
     <span class='ocr_line' id='line_1_2' title="bbox 160 494 1115 586; baseline 0.004 -22"><span class='ocrx_word' id='word_1_3' title='bbox 160 506 222 564; x_wconf 91' lang='lat' dir='ltr'><strong>Nec</strong></span> <span class='ocrx_word' id='word_1_4' title='bbox 249 495 396 585; x_wconf 67' lang='lat' dir='ltr'><strong>Agricola¹</strong></span> <span class='ocrx_word' id='word_1_5' title='bbox 409 509 594 586; x_wconf 77' lang='lat' dir='ltr'><strong>prosperitate</strong></span> <span class='ocrx_word' id='word_1_6' title='bbox 608 527 712 567; x_wconf 83' lang='lat' dir='ltr'><strong>rerum</strong></span> <span class='ocrx_word' id='word_1_7' title='bbox 743 510 771 566; x_wconf 93' lang='lat' dir='ltr'><strong>in</strong></span> <span class='ocrx_word' id='word_1_8' title='bbox 796 494 948 568; x_wconf 84' lang='lat' dir='ltr'><strong>vanitatem</strong></span> <span class='ocrx_word' id='word_1_9' title='bbox 974 529 1048 579; x_wconf 87' lang='lat' dir='ltr'><strong>usus,</strong></span> <span class='ocrx_word' id='word_1_10' title='bbox 1114 498 1115 501; x_wconf 21' lang='lat'>¹</span> 
     </span>
     <span class='ocr_line' id='line_1_3' title="bbox 158 613 1050 690; baseline 0.001 -20"><span class='ocrx_word' id='word_1_11' title='bbox 158 613 363 690; x_wconf 80' lang='lat' dir='ltr'>expeditionem</span> <span class='ocrx_word' id='word_1_12' title='bbox 380 622 429 670; x_wconf 85' lang='lat' dir='ltr'><strong>out</strong></span> <span class='ocrx_word' id='word_1_13' title='bbox 447 614 594 671; x_wconf 84' lang='lat' dir='ltr'><strong>victoriam</strong></span> <span class='ocrx_word' id='word_1_14' title='bbox 611 617 738 684; x_wconf 83' lang='lat' dir='ltr'><strong>vocabat,</strong></span> <span class='ocrx_word' id='word_1_15' title='bbox 757 616 844 673; x_wconf 85' lang='lat' dir='ltr'><strong>victos</strong></span> <span class='ocrx_word' id='word_1_16' title='bbox 863 615 1050 672; x_wconf 79' lang='lat' dir='ltr'>continuisse:</span> 
     </span>
     <span class='ocr_line' id='line_1_4' title="bbox 158 717 1052 796; baseline -0.003 -20"><span class='ocrx_word' id='word_1_17' title='bbox 158 739 195 776; x_wconf 90' lang='lat' dir='ltr'><strong>ne</strong></span> <span class='ocrx_word' id='word_1_18' title='bbox 208 719 338 778; x_wconf 87' lang='lat' dir='ltr'><strong>laureatis</strong></span> <span class='ocrx_word' id='word_1_19' title='bbox 352 719 465 796; x_wconf 91' lang='lat' dir='ltr'><strong>quidem</strong></span> <span class='ocrx_word' id='word_1_20' title='bbox 480 727 568 796; x_wconf 15' lang='lat' dir='ltr'><strong>gesta*</strong></span> <span class='ocrx_word' id='word_1_21' title='bbox 577 727 741 796; x_wconf 89' lang='lat' dir='ltr'><strong>prosecutus</strong></span> <span class='ocrx_word' id='word_1_22' title='bbox 760 727 811 785; x_wconf 87' lang='lat' dir='ltr'><strong>est,</strong></span> <span class='ocrx_word' id='word_1_23' title='bbox 825 717 876 775; x_wconf 91' lang='lat' dir='ltr'><strong>sed</strong></span> <span class='ocrx_word' id='word_1_24' title='bbox 892 717 954 795; x_wconf 89' lang='lat' dir='ltr'><strong>ipsa</strong></span> <span class='ocrx_word' id='word_1_25' title='bbox 971 717 1052 774; x_wconf 89' lang='lat' dir='ltr'><strong>dissi·</strong></span> 
     </span>
     <span class='ocr_line' id='line_1_5' title="bbox 159 812 1053 901; baseline 0.002 -21"><span class='ocrx_word' id='word_1_26' title='bbox 159 825 311 883; x_wconf 88' lang='lat' dir='ltr'><strong>mulatione</strong></span> <span class='ocrx_word' id='word_1_27' title='bbox 342 825 433 883; x_wconf 82' lang='lat' dir='ltr'><strong>famae</strong></span> <span class='ocrx_word' id='word_1_28' title='bbox 463 824 569 882; x_wconf 83' lang='lat' dir='ltr'><strong>famam</strong></span> <span class='ocrx_word' id='word_1_29' title='bbox 599 825 685 894; x_wconf 83' lang='lat' dir='ltr'><strong>auxit,</strong></span> <span class='ocrx_word' id='word_1_30' title='bbox 712 812 923 882; x_wconf 77' lang='lat' dir='ltr'><strong>aestimantibus</strong></span> <span class='ocrx_word' id='word_1_31' title='bbox 950 833 1053 901; x_wconf 84' lang='lat' dir='ltr'><strong>quanta</strong></span> 
     </span>
     <span class='ocr_line' id='line_1_6' title="bbox 160 918 1048 1008; baseline -0.002 -23"><span class='ocrx_word' id='word_1_32' title='bbox 160 927 249 986; x_wconf 82' lang='lat' dir='ltr'><strong>futuri</strong></span> <span class='ocrx_word' id='word_1_33' title='bbox 263 949 312 1008; x_wconf 91' lang='lat' dir='ltr'><strong>spe</strong></span> <span class='ocrx_word' id='word_1_34' title='bbox 324 937 384 987; x_wconf 89' lang='lat' dir='ltr'><strong>tam</strong></span> <span class='ocrx_word' id='word_1_35' title='bbox 396 949 500 1006; x_wconf 86' lang='lat' dir='ltr'><strong>magna</strong></span> <span class='ocrx_word' id='word_1_36' title='bbox 511 929 656 986; x_wconf 86' lang='lat' dir='ltr'><strong>tacuisset.</strong></span> <span class='ocrx_word' id='word_1_37' title='bbox 1031 918 1048 983; x_wconf 77' lang='lat' dir='ltr'><strong>l</strong></span> 
     </span>
     <span class='ocr_line' id='line_1_7' title="bbox 201 1033 1054 1111; baseline -0.002 -19"><span class='ocrx_word' id='word_1_38' title='bbox 201 1034 283 1092; x_wconf 89' lang='lat' dir='ltr'><strong>XIX.</strong></span> <span class='ocrx_word' id='word_1_39' title='bbox 324 1035 457 1094; x_wconf 87' lang='lat' dir='ltr'><strong>Ceterum</strong></span> <span class='ocrx_word' id='word_1_40' title='bbox 469 1035 628 1092; x_wconf 88' lang='lat' dir='ltr'><strong>animorum</strong></span> <span class='ocrx_word' id='word_1_41' title='bbox 640 1033 799 1111; x_wconf 90' lang='lat' dir='ltr'><strong>provinciae</strong></span> <span class='ocrx_word' id='word_1_42' title='bbox 812 1033 943 1110; x_wconf 90' lang='lat' dir='ltr'><strong>prudens,</strong></span> <span class='ocrx_word' id='word_1_43' title='bbox 958 1034 1054 1090; x_wconf 89' lang='lat' dir='ltr'><strong>simul·</strong></span> 
     </span>
    </p>

    <p class='ocr_par' dir='ltr' id='par_1_3' title="bbox 124 1122 1115 2270">
     <span class='ocr_line' id='line_1_8' title="bbox 160 1122 1054 1218; baseline -0.001 -20"><span class='ocrx_word' id='word_1_44' title='bbox 160 1159 215 1217; x_wconf 90' lang='lat' dir='ltr'><strong>que</strong></span> <span class='ocrx_word' id='word_1_45' title='bbox 229 1140 326 1211; x_wconf 85' lang='lat' dir='ltr'><strong>doctus</strong></span> <span class='ocrx_word' id='word_1_46' title='bbox 340 1159 390 1218; x_wconf 89' lang='lat' dir='ltr'><strong>per</strong></span> <span class='ocrx_word' id='word_1_47' title='bbox 408 1139 714 1216; x_wconf 81' lang='lat' dir='ltr'><strong>alienaexperimcnta,</strong></span> <span class='ocrx_word' id='word_1_48' title='bbox 728 1158 827 1215; x_wconf 90' lang='lat' dir='ltr'><strong>parum</strong></span> <span class='ocrx_word' id='word_1_49' title='bbox 844 1139 941 1216; x_wconf 92' lang='lat' dir='ltr'><strong>profici</strong></span> <span class='ocrx_word' id='word_1_50' title='bbox 960 1122 1054 1208; x_wconf 82' lang='lat' dir='ltr'><strong>armis,</strong></span> 
     </span>
     <span class='ocr_line' id='line_1_9' title="bbox 160 1229 1055 1322; baseline 0 -20"><span class='ocrx_word' id='word_1_51' title='bbox 160 1245 185 1302; x_wconf 88' lang='lat' dir='ltr'><strong>si</strong></span> <span class='ocrx_word' id='word_1_52' title='bbox 203 1245 321 1322; x_wconf 86' lang='lat' dir='ltr'><strong>injuriae</strong></span> <span class='ocrx_word' id='word_1_53' title='bbox 338 1253 529 1322; x_wconf 77' lang='lat' dir='ltr'>sequerentur,</span> <span class='ocrx_word' id='word_1_54' title='bbox 543 1235 641 1301; x_wconf 81' lang='lat' dir='ltr'><strong>causas</strong></span> <span class='ocrx_word' id='word_1_55' title='bbox 655 1229 906 1301; x_wconf 43' lang='lat' dir='ltr'><strong>bellomm&#39;statuit</strong></span> <span class='ocrx_word' id='word_1_56' title='bbox 919 1232 1055 1302; x_wconf 85' lang='lat' dir='ltr'><strong>excidere.</strong></span> 
     </span>
     <span class='ocr_line' id='line_1_10' title="bbox 162 1339 1056 1427; baseline -0.001 -19"><span class='ocrx_word' id='word_1_57' title='bbox 162 1351 191 1409; x_wconf 82' lang='lat' dir='ltr'><strong>A</strong></span> <span class='ocrx_word' id='word_1_58' title='bbox 213 1339 247 1407; x_wconf 61' lang='lat' dir='ltr'><strong>vse</strong></span> <span class='ocrx_word' id='word_1_59' title='bbox 270 1351 383 1427; x_wconf 92' lang='lat' dir='ltr'><strong>suisque</strong></span> <span class='ocrx_word' id='word_1_60' title='bbox 406 1369 496 1418; x_wconf 89' lang='lat' dir='ltr'><strong>orsus,</strong></span> <span class='ocrx_word' id='word_1_61' title='bbox 520 1350 639 1426; x_wconf 87' lang='lat' dir='ltr'><strong>primam</strong></span> <span class='ocrx_word' id='word_1_62' title='bbox 667 1349 780 1406; x_wconf 91' lang='lat' dir='ltr'><strong>domum</strong></span> <span class='ocrx_word' id='word_1_63' title='bbox 808 1367 887 1415; x_wconf 81' lang='lat' dir='ltr'><strong>suam</strong></span> <span class='ocrx_word' id='word_1_64' title='bbox 913 1351 1056 1417; x_wconf 86' lang='lat' dir='ltr'><strong>coercnit;</strong></span> 
     </span>
     <span class='ocr_line' id='line_1_11' title="bbox 160 1450 1055 1533; baseline 0.003 -22"><span class='ocrx_word' id='word_1_65' title='bbox 160 1450 238 1531; x_wconf 88' lang='lat' dir='ltr'><strong>qnod</strong></span> <span class='ocrx_word' id='word_1_66' title='bbox 256 1454 396 1531; x_wconf 89' lang='lat' dir='ltr'><strong>plerisque</strong></span> <span class='ocrx_word' id='word_1_67' title='bbox 416 1454 491 1512; x_wconf 86' lang='lat' dir='ltr'><strong>baud</strong></span> <span class='ocrx_word' id='word_1_68' title='bbox 510 1455 603 1513; x_wconf 90' lang='lat' dir='ltr'><strong>minus</strong></span> <span class='ocrx_word' id='word_1_69' title='bbox 624 1454 743 1512; x_wconf 90' lang='lat' dir='ltr'><strong>arduum</strong></span> <span class='ocrx_word' id='word_1_70' title='bbox 763 1464 813 1525; x_wconf 88' lang='lat' dir='ltr'><strong>est,</strong></span> <span class='ocrx_word' id='word_1_71' title='bbox 838 1476 923 1532; x_wconf 89' lang='lat' dir='ltr'><strong>quam</strong></span> <span class='ocrx_word' id='word_1_72' title='bbox 942 1458 1055 1533; x_wconf 88' lang='lat' dir='ltr'><strong>provin·</strong></span> 
     </span>
     <span class='ocr_line' id='line_1_12' title="bbox 161 1559 1054 1638; baseline 0.002 -22"><span class='ocrx_word' id='word_1_73' title='bbox 161 1559 232 1633; x_wconf 84' lang='lat' dir='ltr'><strong>ciam</strong></span> <span class='ocrx_word' id='word_1_74' title='bbox 247 1579 354 1636; x_wconf 90' lang='lat' dir='ltr'><strong>regere.</strong></span> <span class='ocrx_word' id='word_1_75' title='bbox 395 1560 474 1618; x_wconf 87' lang='lat' dir='ltr'><strong>Nihil</strong></span> <span class='ocrx_word' id='word_1_76' title='bbox 488 1580 539 1638; x_wconf 89' lang='lat' dir='ltr'><strong>per</strong></span> <span class='ocrx_word' id='word_1_77' title='bbox 552 1561 668 1619; x_wconf 90' lang='lat' dir='ltr'><strong>libertos</strong></span> <span class='ocrx_word' id='word_1_78' title='bbox 687 1581 838 1638; x_wconf 89' lang='lat' dir='ltr'><strong>servosque</strong></span> <span class='ocrx_word' id='word_1_79' title='bbox 856 1561 984 1638; x_wconf 90' lang='lat' dir='ltr'><strong>publicae</strong></span> <span class='ocrx_word' id='word_1_80' title='bbox 993 1562 1054 1619; x_wconf 88' lang='lat' dir='ltr'><strong>rei:</strong></span> 
     </span>
     <span class='ocr_line' id='line_1_13' title="bbox 124 1665 1056 1745; baseline 0.004 -25"><span class='ocrx_word' id='word_1_81' title='bbox 124 1673 142 1739; x_wconf 66' lang='lat' dir='ltr'>y</span> <span class='ocrx_word' id='word_1_82' title='bbox 161 1683 218 1721; x_wconf 91' lang='lat' dir='ltr'><strong>non</strong></span> <span class='ocrx_word' id='word_1_83' title='bbox 232 1665 330 1723; x_wconf 88' lang='lat' dir='ltr'><strong>studiis</strong></span> <span class='ocrx_word' id='word_1_84' title='bbox 343 1667 467 1743; x_wconf 83' lang='lat' dir='ltr'><strong>privatis,</strong></span> <span class='ocrx_word' id='word_1_85' title='bbox 481 1686 534 1724; x_wconf 92' lang='lat' dir='ltr'><strong>nec</strong></span> <span class='ocrx_word' id='word_1_86' title='bbox 552 1686 587 1724; x_wconf 87' lang='lat' dir='ltr'><strong>ex</strong></span> <span class='ocrx_word' id='word_1_87' title='bbox 608 1667 847 1724; x_wconf 81' lang='lat' dir='ltr'><strong>commendatione</strong></span> <span class='ocrx_word' id='word_1_88' title='bbox 860 1677 909 1729; x_wconf 87' lang='lat' dir='ltr'><strong>aut</strong></span> <span class='ocrx_word' id='word_1_89' title='bbox 924 1668 1056 1745; x_wconf 89' lang='lat' dir='ltr'><strong>precibus</strong></span> 
     </span>
     <span class='ocr_line' id='line_1_14' title="bbox 128 1760 1057 1852; baseline 0.003 -25"><span class='ocrx_word' id='word_1_90' title='bbox 128 1760 137 1775; x_wconf 61' lang='lat'>⁵</span> <span class='ocrx_word' id='word_1_91' title='bbox 162 1771 355 1852; x_wconf 82' lang='lat' dir='ltr'><strong>centurionum</strong></span> <span class='ocrx_word' id='word_1_92' title='bbox 372 1770 475 1830; x_wconf 84' lang='lat' dir='ltr'><strong>milites</strong></span> <span class='ocrx_word' id='word_1_93' title='bbox 491 1771 609 1840; x_wconf 87' lang='lat' dir='ltr'><strong>adscire,</strong></span> <span class='ocrx_word' id='word_1_94' title='bbox 624 1772 673 1828; x_wconf 92' lang='lat' dir='ltr'><strong>sed</strong></span> <span class='ocrx_word' id='word_1_95' title='bbox 686 1773 822 1849; x_wconf 87' lang='lat' dir='ltr'><strong>optimum</strong></span> <span class='ocrx_word' id='word_1_96' title='bbox 834 1791 974 1849; x_wconf 90' lang='lat' dir='ltr'><strong>quemque</strong></span> <span class='ocrx_word' id='word_1_97' title='bbox 987 1772 1057 1830; x_wconf 86' lang='lat' dir='ltr'><strong>fide·</strong></span> 
     </span>
     <span class='ocr_line' id='line_1_15' title="bbox 161 1875 1056 1955; baseline 0.001 -21"><span class='ocrx_word' id='word_1_98' title='bbox 161 1875 297 1934; x_wconf 89' lang='lat' dir='ltr'><strong>lissimum</strong></span> <span class='ocrx_word' id='word_1_99' title='bbox 311 1884 430 1955; x_wconf 83' lang='lat' dir='ltr'><strong>putare:</strong></span> <span class='ocrx_word' id='word_1_100' title='bbox 450 1878 544 1934; x_wconf 84' lang='lat' dir='ltr'><strong>omnia</strong></span> <span class='ocrx_word' id='word_1_101' title='bbox 557 1877 638 1946; x_wconf 89' lang='lat' dir='ltr'><strong>scire,</strong></span> <span class='ocrx_word' id='word_1_102' title='bbox 652 1896 709 1934; x_wconf 91' lang='lat' dir='ltr'><strong>non</strong></span> <span class='ocrx_word' id='word_1_103' title='bbox 728 1878 822 1934; x_wconf 87' lang='lat' dir='ltr'><strong>omnia</strong></span> <span class='ocrx_word' id='word_1_104' title='bbox 839 1879 972 1955; x_wconf 84' lang='lat' dir='ltr'><strong>exsequi:</strong></span> <span class='ocrx_word' id='word_1_105' title='bbox 992 1897 1056 1955; x_wconf 84' lang='lat' dir='ltr'><strong>par·</strong></span> 
     </span>
     <span class='ocr_line' id='line_1_16' title="bbox 162 1982 1115 2066; baseline 0.002 -27"><span class='ocrx_word' id='word_1_106' title='bbox 162 1982 205 2039; x_wconf 86' lang='lat' dir='ltr'><strong>vis</strong></span> <span class='ocrx_word' id='word_1_107' title='bbox 229 1984 350 2059; x_wconf 90' lang='lat' dir='ltr'><strong>peccatis</strong></span> <span class='ocrx_word' id='word_1_108' title='bbox 374 1984 494 2053; x_wconf 88' lang='lat' dir='ltr'><strong>veniam,</strong></span> <span class='ocrx_word' id='word_1_109' title='bbox 516 1984 628 2060; x_wconf 85' lang='lat' dir='ltr'><strong>maguis</strong></span> <span class='ocrx_word' id='word_1_110' title='bbox 655 1984 832 2041; x_wconf 78' lang='lat' dir='ltr'><strong>severitatem</strong></span> <span class='ocrx_word' id='word_1_111' title='bbox 859 1983 1056 2066; x_wconf 85' lang='lat' dir='ltr'><strong>commodare:</strong></span> <span class='ocrx_word' id='word_1_112' title='bbox 1114 2044 1115 2055; x_wconf 44' lang='grc'>,</span> 
     </span>
     <span class='ocr_line' id='line_1_17' title="bbox 161 2088 1058 2166; baseline 0 -23"><span class='ocrx_word' id='word_1_113' title='bbox 161 2105 213 2144; x_wconf 88' lang='lat' dir='ltr'><strong>nec</strong></span> <span class='ocrx_word' id='word_1_114' title='bbox 239 2108 330 2166; x_wconf 86' lang='lat' dir='ltr'><strong>poena</strong></span> <span class='ocrx_word' id='word_1_115' title='bbox 357 2107 474 2166; x_wconf 79' lang='lat' dir='ltr'><strong>semper,</strong></span> <span class='ocrx_word' id='word_1_116' title='bbox 499 2089 549 2146; x_wconf 89' lang='lat' dir='ltr'><strong>sed</strong></span> <span class='ocrx_word' id='word_1_117' title='bbox 576 2089 685 2165; x_wconf 86' lang='lat' dir='ltr'><strong>saepius</strong></span> <span class='ocrx_word' id='word_1_118' title='bbox 711 2088 884 2164; x_wconf 87' lang='lat' dir='ltr'><strong>poenitentia</strong></span> <span class='ocrx_word' id='word_1_119' title='bbox 908 2095 1058 2144; x_wconf 88' lang='lat' dir='ltr'><strong>contentus</strong></span> 
     </span>
     <span class='ocr_line' id='line_1_18' title="bbox 162 2179 1058 2270; baseline 0 -22"><span class='ocrx_word' id='word_1_120' title='bbox 162 2210 242 2250; x_wconf 83' lang='lat' dir='ltr'><strong>ease:</strong></span> <span class='ocrx_word' id='word_1_121' title='bbox 262 2193 369 2249; x_wconf 79' lang='lat' dir='ltr'><strong>&#39;officiis</strong></span> <span class='ocrx_word' id='word_1_122' title='bbox 392 2201 421 2250; x_wconf 91' lang='lat' dir='ltr'><strong>et</strong></span> <span class='ocrx_word' id='word_1_123' title='bbox 447 2179 733 2267; x_wconf 83' lang='lat' dir='ltr'><strong>administrationibus</strong></span> <span class='ocrx_word' id='word_1_124' title='bbox 756 2193 849 2270; x_wconf 85' lang='lat' dir='ltr'><strong>potins</strong></span> <span class='ocrx_word' id='word_1_125' title='bbox 874 2211 1058 2268; x_wconf 69' lang='lat' dir='ltr'><strong>norrpecca·</strong></span> 
     </span>
    </p>
   </div>
   <div class='ocr_carea' id='block_1_3' title="bbox 106 2281 1113 2480">
    <p class='ocr_par' dir='ltr' id='par_1_4' title="bbox 106 2281 1113 2480">
     <span class='ocr_line' id='line_1_19' title="bbox 106 2281 1113 2381; baseline 0.003 -31"><span class='ocrx_word' id='word_1_126' title='bbox 106 2364 113 2381; x_wconf 43' lang='grc' dir='ltr'><strong><em>Ι</em></strong></span> <span class='ocrx_word' id='word_1_127' title='bbox 161 2303 241 2373; x_wconf 80' lang='lat' dir='ltr'><strong>turos</strong></span> <span class='ocrx_word' id='word_1_128' title='bbox 255 2316 435 2377; x_wconf 80' lang='lat' dir='ltr'><strong>praeponere,</strong></span> <span class='ocrx_word' id='word_1_129' title='bbox 449 2317 533 2374; x_wconf 88' lang='lat' dir='ltr'><strong>quam</strong></span> <span class='ocrx_word' id='word_1_130' title='bbox 547 2299 680 2371; x_wconf 79' lang='lat' dir='ltr'><strong>damnare</strong></span> <span class='ocrx_word' id='word_1_131' title='bbox 694 2317 758 2355; x_wconf 92' lang='lat' dir='ltr'><strong>cum</strong></span> <span class='ocrx_word' id='word_1_132' title='bbox 771 2306 945 2375; x_wconf 79' lang='lat' dir='ltr'><strong>peccassent.</strong></span> <span class='ocrx_word' id='word_1_133' title='bbox 985 2297 1057 2354; x_wconf 91' lang='lat' dir='ltr'><strong>Fru·</strong></span> <span class='ocrx_word' id='word_1_134' title='bbox 1110 2281 1113 2286; x_wconf 32' lang='lat'>¹</span> 
     </span>
     <span class='ocr_line' id='line_1_20' title="bbox 124 2386 1058 2480; baseline 0 -23"><span class='ocrx_word' id='word_1_135' title='bbox 124 2416 127 2421; x_wconf 87' lang='grc'><strong><em>·</em></strong></span> <span class='ocrx_word' id='word_1_136' title='bbox 161 2402 249 2458; x_wconf 90' lang='lat' dir='ltr'><strong>menti</strong></span> <span class='ocrx_word' id='word_1_137' title='bbox 276 2410 304 2458; x_wconf 85' lang='lat' dir='ltr'><strong>et</strong></span> <span class='ocrx_word' id='word_1_138' title='bbox 333 2386 510 2474; x_wconf 33' lang='lat' dir='ltr'><strong>tributorum*</strong></span> <span class='ocrx_word' id='word_1_139' title='bbox 532 2404 689 2461; x_wconf 87' lang='lat' dir='ltr'><strong>auctionem</strong></span> <span class='ocrx_word' id='word_1_140' title='bbox 712 2402 879 2480; x_wconf 88' lang='lat' dir='ltr'><strong>aequalitate</strong></span> <span class='ocrx_word' id='word_1_141' title='bbox 906 2420 1058 2458; x_wconf 90' lang='lat' dir='ltr'><strong>munerum</strong></span> 
     </span>
    </p>
   </div>
   <div class='ocr_carea' id='block_1_4' title="bbox 131 2504 1115 3634">
    <p class='ocr_par' dir='ltr' id='par_1_5' title="bbox 131 2504 1115 3634">
     <span class='ocr_line' id='line_1_21' title="bbox 162 2504 1061 2586; baseline 0.002 -25"><span class='ocrx_word' id='word_1_142' title='bbox 162 2504 281 2574; x_wconf 87' lang='lat' dir='ltr'><strong>mollire,</strong></span> <span class='ocrx_word' id='word_1_143' title='bbox 302 2508 471 2565; x_wconf 85' lang='lat' dir='ltr'><strong>circumcisis</strong></span> <span class='ocrx_word' id='word_1_144' title='bbox 490 2528 562 2585; x_wconf 86' lang='lat' dir='ltr'><strong>quae</strong></span> <span class='ocrx_word' id='word_1_145' title='bbox 583 2509 612 2565; x_wconf 92' lang='lat' dir='ltr'><strong>in</strong></span> <span class='ocrx_word' id='word_1_146' title='bbox 633 2516 780 2586; x_wconf 89' lang='lat' dir='ltr'><strong>quaestum</strong></span> <span class='ocrx_word' id='word_1_147' title='bbox 797 2516 909 2585; x_wconf 85' lang='lat' dir='ltr'><strong>reperta</strong></span> <span class='ocrx_word' id='word_1_148' title='bbox 928 2507 989 2584; x_wconf 92' lang='lat' dir='ltr'><strong>ipso</strong></span> <span class='ocrx_word' id='word_1_149' title='bbox 1006 2508 1061 2563; x_wconf 90' lang='lat' dir='ltr'><strong>tri·</strong></span> 
     </span>
     <span class='ocr_line' id='line_1_22' title="bbox 162 2588 1061 2690; baseline 0.003 -26"><span class='ocrx_word' id='word_1_150' title='bbox 162 2608 230 2666; x_wconf 89' lang='lat' dir='ltr'><strong>buto</strong></span> <span class='ocrx_word' id='word_1_151' title='bbox 244 2611 357 2686; x_wconf 77' lang='lat' dir='ltr'><strong>gravius</strong></span> <span class='ocrx_word' id='word_1_152' title='bbox 370 2611 571 2677; x_wconf 81' lang='lat' dir='ltr'><strong>tolerabantur.</strong></span> <span class='ocrx_word' id='word_1_153' title='bbox 612 2611 742 2689; x_wconf 89' lang='lat' dir='ltr'><strong>Namque</strong></span> <span class='ocrx_word' id='word_1_154' title='bbox 750 2588 806 2690; x_wconf 30' lang='lat' dir='ltr'><strong>&#39;per</strong></span> <span class='ocrx_word' id='word_1_155' title='bbox 818 2612 971 2668; x_wconf 82' lang='lat' dir='ltr'><strong>ludibrium</strong></span> <span class='ocrx_word' id='word_1_156' title='bbox 983 2611 1061 2668; x_wconf 87' lang='lat' dir='ltr'><strong>adsi·</strong></span> 
     </span>
     <span class='ocr_line' id='line_1_23' title="bbox 162 2694 1061 2785; baseline 0.001 -12"><span class='ocrx_word' id='word_1_157' title='bbox 162 2716 228 2773; x_wconf 90' lang='lat' dir='ltr'><strong>dere</strong></span> <span class='ocrx_word' id='word_1_158' title='bbox 242 2717 343 2774; x_wconf 86' lang='lat' dir='ltr'><strong>clausis</strong></span> <span class='ocrx_word' id='word_1_159' title='bbox 356 2717 474 2785; x_wconf 89' lang='lat' dir='ltr'><strong>horreis,</strong></span> <span class='ocrx_word' id='word_1_160' title='bbox 489 2694 625 2775; x_wconf 23' lang='lat' dir='ltr'><strong>etlemere</strong></span> <span class='ocrx_word' id='word_1_161' title='bbox 638 2696 713 2774; x_wconf 88' lang='lat' dir='ltr'><strong>ultro</strong></span> <span class='ocrx_word' id='word_1_162' title='bbox 725 2701 875 2785; x_wconf 87' lang='lat' dir='ltr'><strong>frumenta,</strong></span> <span class='ocrx_word' id='word_1_163' title='bbox 889 2737 923 2775; x_wconf 87' lang='lat' dir='ltr'><strong>ac</strong></span> <span class='ocrx_word' id='word_1_164' title='bbox 935 2716 1061 2774; x_wconf 86' lang='lat' dir='ltr'><strong>vendere</strong></span> 
     </span>
     <span class='ocr_line' id='line_1_24' title="bbox 161 2822 1115 2900; baseline 0.001 -21"><span class='ocrx_word' id='word_1_165' title='bbox 161 2823 251 2900; x_wconf 87' lang='lat' dir='ltr'><strong>pretio</strong></span> <span class='ocrx_word' id='word_1_166' title='bbox 275 2825 456 2900; x_wconf 88' lang='lat' dir='ltr'><strong>cogebantur.</strong></span> <span class='ocrx_word' id='word_1_167' title='bbox 496 2822 635 2881; x_wconf 80' lang='lat' dir='ltr'><strong>Devortia</strong></span> <span class='ocrx_word' id='word_1_168' title='bbox 657 2823 790 2880; x_wconf 88' lang='lat' dir='ltr'><strong>itinerum</strong></span> <span class='ocrx_word' id='word_1_169' title='bbox 816 2832 843 2880; x_wconf 87' lang='lat' dir='ltr'><strong>et</strong></span> <span class='ocrx_word' id='word_1_170' title='bbox 868 2822 1062 2899; x_wconf 75' lang='lat' dir='ltr'><strong>longinquitas</strong></span> <span class='ocrx_word' id='word_1_171' title='bbox 1114 2880 1115 2889; x_wconf 62' lang='grc'>,</span> 
     </span>
     <span class='ocr_line' id='line_1_25' title="bbox 161 2927 1062 3004; baseline -0.001 -19"><span class='ocrx_word' id='word_1_172' title='bbox 161 2929 309 3004; x_wconf 87' lang='lat' dir='ltr'><strong>regionum</strong></span> <span class='ocrx_word' id='word_1_173' title='bbox 326 2929 509 2998; x_wconf 88' lang='lat' dir='ltr'><strong>indicebatur,</strong></span> <span class='ocrx_word' id='word_1_174' title='bbox 523 2938 555 2987; x_wconf 92' lang='lat' dir='ltr'><strong>ut</strong></span> <span class='ocrx_word' id='word_1_175' title='bbox 574 2928 700 2985; x_wconf 81' lang='lat' dir='ltr'><strong>civitates</strong></span> <span class='ocrx_word' id='word_1_176' title='bbox 713 2948 730 2984; x_wconf 88' lang='lat' dir='ltr'><strong>a</strong></span> <span class='ocrx_word' id='word_1_177' title='bbox 743 2927 876 3004; x_wconf 86' lang='lat' dir='ltr'><strong>proximis</strong></span> <span class='ocrx_word' id='word_1_178' title='bbox 888 2927 1014 2983; x_wconf 90' lang='lat' dir='ltr'><strong>hibernis</strong></span> <span class='ocrx_word' id='word_1_179' title='bbox 1028 2928 1062 2984; x_wconf 91' lang='lat' dir='ltr'><strong>in</strong></span> 
     </span>
     <span class='ocr_line' id='line_1_26' title="bbox 161 3032 1062 3110; baseline -0.001 -21"><span class='ocrx_word' id='word_1_180' title='bbox 161 3041 269 3090; x_wconf 89' lang='lat' dir='ltr'><strong>remota</strong></span> <span class='ocrx_word' id='word_1_181' title='bbox 286 3043 315 3090; x_wconf 89' lang='lat' dir='ltr'><strong>et</strong></span> <span class='ocrx_word' id='word_1_182' title='bbox 332 3035 395 3092; x_wconf 86' lang='lat' dir='ltr'><strong>avia</strong></span> <span class='ocrx_word' id='word_1_183' title='bbox 408 3033 559 3101; x_wconf 84' lang='lat' dir='ltr'><strong>deferrent,</strong></span> <span class='ocrx_word' id='word_1_184' title='bbox 574 3034 663 3091; x_wconf 91' lang='lat' dir='ltr'><strong>donec</strong></span> <span class='ocrx_word' id='word_1_185' title='bbox 676 3032 752 3109; x_wconf 90' lang='lat' dir='ltr'><strong>quod</strong></span> <span class='ocrx_word' id='word_1_186' title='bbox 765 3033 894 3089; x_wconf 90' lang='lat' dir='ltr'><strong>omnibus</strong></span> <span class='ocrx_word' id='word_1_187' title='bbox 904 3033 933 3088; x_wconf 91' lang='lat' dir='ltr'><strong>in</strong></span> <span class='ocrx_word' id='word_1_188' title='bbox 943 3051 1062 3110; x_wconf 86' lang='lat' dir='ltr'><strong>promp-</strong></span> 
     </span>
     <span class='ocr_line' id='line_1_27' title="bbox 162 3137 644 3215; baseline 0.002 -22"><span class='ocrx_word' id='word_1_189' title='bbox 162 3145 194 3194; x_wconf 93' lang='lat' dir='ltr'><strong>tu</strong></span> <span class='ocrx_word' id='word_1_190' title='bbox 207 3146 275 3206; x_wconf 85' lang='lat' dir='ltr'><strong>erat,</strong></span> <span class='ocrx_word' id='word_1_191' title='bbox 289 3139 384 3215; x_wconf 90' lang='lat' dir='ltr'><strong>paucis</strong></span> <span class='ocrx_word' id='word_1_192' title='bbox 398 3139 541 3196; x_wconf 89' lang='lat' dir='ltr'><strong>lucrosum</strong></span> <span class='ocrx_word' id='word_1_193' title='bbox 553 3137 644 3194; x_wconf 84' lang='lat' dir='ltr'><strong>fieret.</strong></span> 
     </span>
     <span class='ocr_line' id='line_1_28' title="bbox 160 3241 1063 3321; baseline 0.002 -24"><span class='ocrx_word' id='word_1_194' title='bbox 160 3274 162 3277; x_wconf 33' lang='grc' dir='ltr'><strong>ν</strong></span> <span class='ocrx_word' id='word_1_195' title='bbox 204 3241 286 3300; x_wconf 65' lang='lat' dir='ltr'><strong>XX.&gt;</strong></span> <span class='ocrx_word' id='word_1_196' title='bbox 305 3242 385 3300; x_wconf 85' lang='lat' dir='ltr'><strong>Haec</strong></span> <span class='ocrx_word' id='word_1_197' title='bbox 398 3243 488 3320; x_wconf 90' lang='lat' dir='ltr'><strong>primo</strong></span> <span class='ocrx_word' id='word_1_198' title='bbox 499 3243 594 3321; x_wconf 83' lang='lat' dir='ltr'><strong>statim</strong></span> <span class='ocrx_word' id='word_1_199' title='bbox 604 3262 677 3315; x_wconf 84' lang='lat' dir='ltr'><strong>anno</strong></span> <span class='ocrx_word' id='word_1_200' title='bbox 688 3243 904 3320; x_wconf 90' lang='lat' dir='ltr'><strong>comprimendo,</strong></span> <span class='ocrx_word' id='word_1_201' title='bbox 915 3244 1063 3319; x_wconf 82' lang='lat' dir='ltr'><strong>egregiam</strong></span> 
     </span>
     <span class='ocr_line' id='line_1_29' title="bbox 162 3345 1064 3425; baseline -0.001 -19"><span class='ocrx_word' id='word_1_202' title='bbox 162 3348 267 3406; x_wconf 78' lang='lat' dir='ltr'><strong>famam</strong></span> <span class='ocrx_word' id='word_1_203' title='bbox 284 3348 346 3425; x_wconf 89' lang='lat' dir='ltr'><strong>paci</strong></span> <span class='ocrx_word' id='word_1_204' title='bbox 364 3347 566 3415; x_wconf 85' lang='lat' dir='ltr'><strong>circumdedit;</strong></span> <span class='ocrx_word' id='word_1_205' title='bbox 585 3367 657 3424; x_wconf 82' lang='lat' dir='ltr'><strong>quae</strong></span> <span class='ocrx_word' id='word_1_206' title='bbox 674 3346 723 3404; x_wconf 66' lang='lat' dir='ltr'><strong>rel</strong></span> <span class='ocrx_word' id='word_1_207' title='bbox 742 3347 850 3404; x_wconf 89' lang='lat' dir='ltr'><strong>incuria</strong></span> <span class='ocrx_word' id='word_1_208' title='bbox 870 3346 917 3403; x_wconf 93' lang='lat' dir='ltr'><strong>vel</strong></span> <span class='ocrx_word' id='word_1_209' title='bbox 935 3345 1064 3405; x_wconf 85' lang='lat' dir='ltr'><strong>toleran-</strong></span> 
     </span>
     <span class='ocr_line' id='line_1_30' title="bbox 131 3434 1063 3530; baseline -0.001 -20"><span class='ocrx_word' id='word_1_210' title='bbox 131 3454 202 3515; x_wconf 64' lang='lat' dir='ltr'><strong>J&#39;tia</strong></span> <span class='ocrx_word' id='word_1_211' title='bbox 215 3454 339 3530; x_wconf 86' lang='lat' dir='ltr'><strong>priorum</strong></span> <span class='ocrx_word' id='word_1_212' title='bbox 356 3452 433 3510; x_wconf 83' lang='lat' dir='ltr'><strong>houd</strong></span> <span class='ocrx_word' id='word_1_213' title='bbox 449 3454 543 3509; x_wconf 89' lang='lat' dir='ltr'><strong>minus</strong></span> <span class='ocrx_word' id='word_1_214' title='bbox 561 3434 646 3530; x_wconf 83' lang='lat' dir='ltr'><strong>quam</strong></span> <span class='ocrx_word' id='word_1_215' title='bbox 664 3453 773 3510; x_wconf 91' lang='lat' dir='ltr'><strong>bellum</strong></span> <span class='ocrx_word' id='word_1_216' title='bbox 790 3453 951 3510; x_wconf 89' lang='lat' dir='ltr'><strong>timebatur.</strong></span> <span class='ocrx_word' id='word_1_217' title='bbox 993 3448 1063 3524; x_wconf 75' lang='lat' dir='ltr'><strong>Sed,</strong></span> 
     </span>
     <span class='ocr_line' id='line_1_31' title="bbox 161 3554 1063 3634; baseline 0.002 -19"><span class='ocrx_word' id='word_1_218' title='bbox 161 3557 210 3627; x_wconf 81' lang='lat' dir='ltr'><strong>nbi</strong></span> <span class='ocrx_word' id='word_1_219' title='bbox 223 3565 313 3616; x_wconf 74' lang='lat' dir='ltr'><strong>acstm</strong></span> <span class='ocrx_word' id='word_1_220' title='bbox 327 3554 448 3625; x_wconf 84' lang='lat' dir='ltr'><strong>advenit,</strong></span> <span class='ocrx_word' id='word_1_221' title='bbox 462 3565 606 3621; x_wconf 83' lang='lat' dir='ltr'><strong>contracto</strong></span> <span class='ocrx_word' id='word_1_222' title='bbox 624 3558 756 3625; x_wconf 83' lang='lat' dir='ltr'><strong>exercitu,</strong></span> <span class='ocrx_word' id='word_1_223' title='bbox 770 3557 891 3615; x_wconf 91' lang='lat' dir='ltr'><strong>militum</strong></span> <span class='ocrx_word' id='word_1_224' title='bbox 904 3557 934 3615; x_wconf 90' lang='lat' dir='ltr'><strong>in</strong></span> <span class='ocrx_word' id='word_1_225' title='bbox 946 3559 1063 3634; x_wconf 85' lang='lat' dir='ltr'><strong>agmine</strong></span> 
     </span>
    </p>
   </div>
   <div class='ocr_carea' id='block_1_5' title="bbox 0 0 1130 3992">
    <p class='ocr_par' dir='ltr' id='par_1_6' title="bbox 0 0 1130 3992">
     <span class='ocr_line' id='line_1_32' title="bbox 0 0 1130 3992; baseline 0 0"><span class='ocrx_word' id='word_1_226' title='bbox 0 0 1130 3992; x_wconf 95' lang='lat' dir='ltr'><strong> </strong></span> 
     </span>
    </p>
   </div>
  </div>
 </body>
</html>
