2242 3992
133 329 172 385 42
509 346 656 389 ricinus.

135 485 298 545 Britanniae
308 486 393 544 etiam
406 486 435 543 in
449 504 526 562 pace.
568 484 726 544 Consilium
739 483 769 544 id
782 484 862 544 divus
877 485 1038 561 Augustus

135 592 262 660 vocabat,
277 591 408 650 Tiberius
427 598 616 668 praeceptum.
668 589 801 666 Agitasse
822 589 857 649 C.
879 590 1041 650 Caesarem

134 695 170 755 de
193 696 324 755 intranda
346 696 500 764 Britannia,
523 696 591 757 satis
614 704 732 764 constet,
752 695 782 753 ni
802 695 884 753 velox
906 697 1040 772 ingenio,

135 803 246 861 mobilis
274 803 452 880 poenitentia,
475 811 504 861 et
530 802 659 877 ingentes
686 800 820 860 adversus
848 801 1041 862 Germaniam

136 917 252 967 conatus
265 909 372 967 fnrstra
382 908 511 966 fuissent.
552 906 645 964 Divus
660 906 795 966 Claudius
814 916 912 965 auetm
930 909 1041 986 operis,

135 1014 301 1072 transvectis
315 1013 471 1090 legionibus
485 1011 658 1089 auxiliisque,
672 1019 701 1068 et
719 1011 867 1090 adsumpto
879 1014 909 1070 in
922 1023 1041 1090 partem

135 1139 230 1178 rerum
244 1120 435 1198 Vespasianot
455 1118 532 1195 quod
548 1118 659 1175 initium
671 1126 806 1177 venturae
818 1137 884 1176 mox
900 1118 1041 1178 fortunae

135 1227 198 1284 fnit.
244 1226 377 1283 Domitae
394 1232 501 1302 gentes,
523 1224 598 1300 capti
619 1242 710 1299 reges,
724 1231 753 1280 et
772 1232 943 1282 monstratus
963 1225 1039 1285 fatis

137 1331 335 1408 Vespasianus.

177 1436 258 1493 XIV.
280 1488 282 1491 .
300 1433 497 1493 Consularium
514 1433 622 1509 primus
636 1433 735 1518 Aulus
744 1433 872 1493 Plautius
889 1436 1041 1512 praeposi·

135 1551 190 1610 tus,
204 1561 237 1598 ac
251 1539 369 1597 subinde
380 1538 509 1596 Ostorius
522 1537 651 1615 Scapula,
664 1547 783 1616 uterque
795 1540 871 1613 bello
883 1542 1042 1618 egregius:

137 1646 304 1722 redactaque
317 1644 451 1722 paulatim
468 1643 498 1701 in
511 1643 633 1701 formam
649 1645 809 1720 provinciae
826 1647 954 1722 proxima
966 1668 1039 1726 pars

137 1752 320 1809 Britanniaec
337 1749 433 1808 addita
444 1749 558 1826 insuper
570 1758 767 1807 veteranorum
780 1751 898 1809 colonia.
938 1754 1041 1818 Qriao-

137 1857 201 1914 dam
224 1857 351 1914 civitates
379 1854 526 1932 Cogidnno
550 1854 611 1931 regi
631 1854 749 1915 donatae
779 1857 820 1933 (is
843 1857 879 1914 ad
906 1868 1039 1921 nocuum

136 1981 225 2039 usque
262 1961 427 2019 memoriam
458 1958 609 2017 fidissimus
641 1958 759 2032 mansit)
788 1971 882 2020 vetere
911 1983 945 2022 ac
971 1967 1037 2042 jam

137 2068 246 2144 pridem
263 2074 375 2143 recepta
388 2065 491 2142 Populi
504 2064 625 2122 Romani
644 2065 853 2135 consuetudine,
866 2077 899 2125 ut
914 2067 1037 2129 haberet

136 2175 322 2234 instrumenta
344 2169 486 2228 servitutis
509 2177 538 2226 et
558 2189 650 2245 reges.
709 2169 782 2229 Mox
804 2170 907 2230 Didius
928 2174 1035 2234 Gallus

137 2286 217 2355 parta
235 2296 254 2333 a
269 2275 408 2353 prioribus
427 2274 572 2343 continuit,
586 2275 680 2352 paucis
697 2275 847 2339 admodum
864 2277 990 2336 castellis
1008 2280 1038 2336 in

137 2380 271 2438 ulteriora
289 2379 434 2455 promotis,
453 2397 504 2456 per
527 2398 599 2455 quae
621 2379 699 2437 fama
717 2380 793 2438 aneti
812 2380 897 2438 officii
917 2401 1038 2458 quaere·

139 2497 225 2546 retur.
270 2486 387 2544 Didium
411 2486 550 2545 Veranius
578 2488 695 2565 excepit,
722 2487 801 2564 isque
827 2489 903 2545 intra
928 2507 1037 2546 annum

138 2594 293 2651 exstinctus
315 2599 367 2649 eet.
423 2590 573 2650 Suetonius
592 2591 659 2649 hinc
680 2592 814 2669 Paulinus
834 2593 947 2659 biennio
967 2613 1037 2671 pm·

138 2718 233 2775 speras
253 2716 298 2754 res
321 2690 427 2765 habuit
447 2698 569 2754 subactis
587 2697 746 2754 nationibus
763 2697 941 2775 &mensque
953 2718 1037 2775 prae.-

138 2804 232 2861 sidiis:
246 2822 366 2879 qnorum
374 2802 476 2859 fiducia
486 2801 605 2860 Monam
614 2802 744 2870 insulam,
754 2811 786 2860 ut
795 2804 870 2861 vires
880 2802 1033 2873 rebellrlrus

136 2910 350 2976 ministrantem,
364 2908 523 2985 adgressus,
536 2916 619 2983 terga
630 2908 769 2966 occasioni
782 2909 924 2985 patefecit.

177 3016 242 3073 XV.
263 3014 394 3091 Namque
413 3016 540 3077 absentia
553 3014 654 3091 legati
672 3023 779 3081 remoto
799 3024 884 3084 metu,
903 3016 1034 3074 Britanni

136 3122 242 3198 agitare
256 3121 330 3177 inter
343 3139 373 3177 se
386 3120 463 3178 mala
474 3121 625 3189 servitrrtis,
634 3120 761 3178 conferre
774 3121 891 3198 injurias
905 3131 934 3179 et
947 3122 1035 3180 inter·

136 3225 271 3304 pretende
284 3224 455 3283 accendere:
476 3224 550 3282 nihil
566 3225 664 3301 profici
678 3226 829 3300 patientia
842 3226 902 3282 nisi
917 3236 951 3283 at
963 3245 1034 3302 pra·

134 3332 221 3400 ciera,
235 3340 379 3405 tamquam
392 3349 425 3387 ea
432 3329 523 3403 facili
540 3328 725 3397 mantelas,
739 3331 921 3406 imperenwr.
962 3331 1034 3389 Sin·

130 3438 210 3514 μάθε
229 3436 283 3494 sibi
302 3433 368 3493 olim
390 3436 583 3511 repmfeine,
597 3434 764 3491 annotinae
784 3435 893 3511 inponi,
907 3454 922 3493 e
934 3437 1036 3512 quibas

133 3544 239 3620 legatas
252 3544 284 3601 in
294 3528 471 3619 scapulam,
477 3549 644 3617 procmetor
660 3540 693 3596 ia
709 3539 781 3597 bena
792 3541 927 3599 saeviret:
948 3561 1036 3618 acque
