2242 3992
251 961 572 1047 CORNELII
617 961 844 1046 TACITI

370 1226 726 1313 ANNALIUM

391 1507 518 1566 unna
540 1488 726 1566 paruus(

151 1736 263 1796 Uarum
281 1737 408 1797 Romam
434 1752 452 1796 a
472 1738 607 1815 principio
628 1755 710 1813 reges
730 1735 862 1793 habuere.
902 1733 1002 1792 Liber·

111 1846 191 1897 tatem
204 1849 233 1898 et
246 1840 422 1899 consulatum
435 1839 470 1898 L.
485 1839 591 1898 Brutus
611 1840 740 1897 instituit.
781 1838 946 1896 Dictaturae
966 1837 1002 1895 ad

112 1951 213 2022 tempus
232 1945 432 2003 sumebanturt
460 1964 552 2022 neque
573 1944 764 2002 decemviralis
784 1951 906 2021 potestas
926 1942 1001 2000 ultra

112 2048 256 2120 biennium,
273 2069 364 2129 neque
388 2051 566 2108 tribunorum
582 2050 704 2107 militum
723 2049 869 2106 consulare
886 2049 933 2124 jus
952 2046 1000 2104 diu

111 2154 208 2224 valuit,
242 2155 311 2214 Non
330 2157 446 2225 Cinnae,
464 2174 522 2213 non
543 2155 638 2213 Sullae
662 2155 748 2232 longa
772 2152 945 2219 dominati03
973 2159 1002 2209 et

112 2257 233 2338 Pompeii
257 2262 407 2340 Crassique
434 2261 559 2340 potentia
587 2261 642 2318 cito
665 2260 696 2318 in
719 2261 878 2328 Caesarem,
902 2257 1003 2335 Lepidi

110 2373 191 2442 atquc
212 2367 332 2426 Antonii
352 2387 430 2426 arma
452 2368 482 2424 in
502 2367 664 2442 Augustum
686 2385 813 2433 cessere;
837 2365 886 2443 qui
906 2373 1006 2422 cuncta

111 2469 253 2530 discordiis
269 2473 396 2531 civilibus
414 2472 492 2530 fessa
510 2472 624 2529 nomine
632 2474 778 2548 prinopic
792 2471 844 2528 sub
857 2470 1005 2547 imperium

110 2576 226 2655 adccpit.
257 2576 314 2637 Sed
326 2579 428 2636 veteris
441 2577 537 2655 populi
551 2576 673 2634 Romani
686 2595 820 2654 prospera
832 2575 878 2633 vel
888 2574 1005 2632 adversa

17 2724 18 2731 .
111 2681 189 2741 claris
211 2684 394 2761 scriptoribus
416 2690 573 2741 memorata
592 2691 676 2750 sunt3
695 2681 923 2758 temporibusque
943 2679 1005 2735 Au·

110 2790 183 2863 gusti
203 2788 328 2848 dicendis
354 2808 412 2848 non
440 2789 555 2847 defuere
576 2787 678 2845 decora
697 2787 817 2863 ingenia,
839 2784 927 2842 donec
951 2783 1005 2860 gli·

112 2903 204 2953 scente
237 2894 397 2953 adulatione
428 2894 646 2952 deterrerentur.
695 2891 801 2950 Tiberii
830 2890 945 2967 Caiique
977 2899 1006 2948 et-

17 3060 19 3077 q
114 2996 223 3059 Claudii
242 3019 275 3059 ac
296 2999 418 3058 Neronis
432 3019 487 3069 res,
501 2999 667 3058 florentibus
686 2998 763 3075 ipsis,
778 2997 815 3054 ob
827 3004 932 3054 metum
951 2994 1006 3053 ful·

115 3122 177 3174 ³³03
204 3114 354 3185 postquam
377 3106 545 3176 occiderant,
570 3105 729 3163 recentibus
753 3103 823 3162 odiis
848 3102 1007 3180 conpositae

113 3219 184 3269 sunt.
225 3211 296 3271 Inde
320 3213 467 3271 consilium
489 3211 558 3269 mihi
581 3230 671 3289 pauca
694 3209 728 3267 de
750 3211 882 3287 Augusto
906 3216 935 3265 et
958 3226 1006 3263 ex·

113 3327 200 3382 uerna
218 3324 339 3394 tradere,
360 3344 426 3383 mox
440 3324 547 3383 Tiberii
567 3322 754 3401 principatum
774 3329 803 3378 et
822 3328 923 3385 cetera,
945 3317 1005 3374 sine

116 3428 157 3488 ira
168 3442 197 3490 et
211 3433 312 3503 studio,
326 3452 446 3511 quorum
460 3451 557 3490 causas
570 3431 669 3510 procul
682 3429 781 3488 habeo.

156 3536 196 3597 Π.
217 3538 371 3618 Postquam
384 3539 473 3598 Bruto
491 3547 521 3598 et
539 3537 639 3598 Cassio
659 3535 747 3594 caesis
766 3531 845 3590 nulla
857 3531 918 3606 jam
935 3528 1006 3604 pub·
