2242 3992
158 321 198 378 24
528 342 676 383 rncrrus.
694 361 696 365 ·

157 480 255 537 rentia.
296 479 388 537 Nemo
401 481 455 538 nisi
469 482 581 538 vinculo
594 482 696 558 ligatus
716 481 881 559 ingreditur,
903 491 934 539 ul
947 483 1049 550 minor,
1103 492 1104 551 ᾗ

158 594 187 642 et
213 594 379 663 potestatem
406 589 529 645 numinis
550 608 618 666 prae
645 609 677 646 se
701 589 815 646 ferens:
836 590 860 645 si
883 589 957 646 forte
982 606 1048 666 pro-

156 690 250 767 lapsus
269 700 320 760 est,
338 684 434 749 adtolli
456 702 484 750 et
507 694 653 769 insurgere
675 693 752 751 haud
775 691 902 750 licitum:
923 712 974 771 per
994 693 1048 750 hu·
1103 744 1104 747 ,

155 815 233 852 mum
246 797 431 855 evolvuntur:
452 818 540 874 eoque
555 800 644 856 omnis
660 792 820 876 superstitio
837 799 959 877 respicit,
977 776 1048 856 tam-

156 921 240 978 quam
267 903 332 960 inde
358 904 439 961 initia
464 905 567 979 gentis,
591 905 630 960 ibi
654 898 801 980 vregnator¹
817 903 942 961 omnium
970 903 1047 972 deus,

156 1016 249 1065 cetera
263 1009 388 1085 subjecta
401 1017 484 1085 atque
498 1011 632 1086 parentia.
663 1010 772 1085 Adjicit
785 1010 981 1066 auctoritatem
990 1009 1048 1067 for·

154 1121 223 1171 tuna
249 1112 428 1173 Semnonum.
479 1115 601 1174 Centum
621 1116 700 1192 pagis
724 1114 867 1187 habitant:
887 1134 1047 1192 magnoque

155 1239 273 1296 corpore
287 1221 414 1289 efficitur,
428 1229 460 1277 ut
474 1241 504 1277 se
519 1221 675 1280 Suevorum
689 1229 772 1298 caput
785 1221 909 1278 credant.
987 1265 992 1271 .

195 1329 260 1387 XL.
317 1330 423 1388 Contra
441 1328 643 1404 Langobardos
667 1331 791 1406 paucitas
813 1330 961 1388 nobilitat:
982 1328 1046 1406 plu·

155 1440 232 1496 rimis
254 1459 286 1496 ac
304 1439 501 1497 valentissimis
519 1438 678 1494 nationibus
700 1438 792 1507 cincti,
812 1458 871 1494 non
892 1458 943 1516 per
967 1430 1046 1496 obse·

154 1544 325 1621 quium‚·sed
338 1544 450 1621 proeliis
464 1552 492 1600 et
510 1543 691 1620 periclitando
713 1544 766 1600 tuti
789 1552 863 1600 sunt.
904 1543 1046 1621 Reudigni

153 1633 255 1706 deinde
274 1657 303 1706 et
325 1648 451 1705 Aviones
475 1655 504 1705 et
528 1647 617 1724 Angli
646 1657 674 1705 et
688 1648 786 1706 Varini
809 1659 838 1707 et
863 1649 992 1707 Eudoses
1019 1660 1046 1707 et
1103 1674 1104 1677 ¹

156 1730 314 1812 Sdardonca
329 1762 357 1810 et
371 1753 530 1810 Nuithones
544 1753 705 1814 fluminibus
718 1764 767 1812 aut
781 1755 857 1812 silvis
869 1748 1046 1813 muniuntur.
1103 1730 1104 1795 Ῑ

155 1858 223 1945 Neo
235 1859 387 1936 quidquam
408 1857 531 1915 notabile
549 1859 579 1914 in
603 1859 729 1935 singulis,
743 1860 798 1916 nisi
820 1860 896 1936 quod
918 1861 948 1916 in
972 1880 1044 1918 com·
1103 1842 1104 1905 Ῐ

154 1984 240 2022 mune
254 1964 405 2032 Herthum,
419 1963 449 2019 id
464 1972 515 2032 est,
531 1964 649 2021 Terram
662 1973 789 2033 matrem,
804 1965 909 2034 colunt,
932 1983 1046 2041 eamque

154 2070 323 2127 intervenire
337 2070 421 2126 rebus
439 2068 593 2137 hominum,
612 2069 707 2125 invehi
725 2070 843 2147 populis,
867 2070 1044 2126 arbitrantur.

155 2172 209 2232 Est
222 2175 251 2230 in
265 2174 356 2233 insula
379 2173 475 2230 oceani
496 2181 603 2230 castum
625 2193 733 2242 nemus,
755 2173 932 2250 dicatumque
959 2174 989 2230 in
1012 2192 1043 2229 eo

153 2278 322 2346 vehiculum,
348 2286 426 2335 veste
450 2286 627 2335 contectum:
648 2279 793 2355 adtingere
818 2281 867 2336 uni
896 2279 1042 2338 Sacerdoti

155 2402 328 2440 concessum.
386 2382 416 2439 Is
438 2382 536 2440 adesse
560 2384 696 2460 penetrali
720 2384 801 2442 deam
822 2384 964 2462 intelligit,
985 2404 1045 2441 vec·

154 2501 268 2567 tamque
288 2491 381 2546 bubus
407 2489 518 2547 feminis
541 2491 631 2549 multa
654 2512 718 2549 cum
745 2494 924 2550 veneratione
952 2510 1045 2569 prose·

153 2598 258 2674 quitur.
297 2594 380 2653 Laeti
392 2603 459 2651 tunc
473 2595 541 2663 dies,
560 2595 634 2654 festa
646 2596 716 2665 loca,
730 2618 912 2675 quaecunque
925 2600 1045 2657 adventu

152 2707 329 2785 hospitioque
343 2704 482 2780 dignatur.
524 2703 590 2760 Non
612 2704 685 2762 bella
705 2706 811 2775 ineunt,
832 2726 890 2764 non
908 2728 986 2765 arma
998 2728 1044 2764 su·

151 2825 250 2884 munt3
271 2816 396 2873 clausum
420 2833 501 2871 omne
522 2813 646 2871 ferrum:
666 2834 721 2891 pax
742 2824 770 2872 et
794 2816 872 2893 quies
893 2825 962 2874 tuuc
981 2827 1043 2874 tan·

151 2932 212 2980 tum
225 2931 299 2990 nota,
320 2931 387 2979 tunc
400 2929 510 2978 tantum
529 2929 629 2989 amata
652 2922 740 2978 donec
757 2921 831 2978 idem
855 2924 983 2980 sacerdos
996 2942 1042 2981 sa·
1102 2900 1105 2913 ι

150 3028 258 3084 tiatam
274 3024 485 3082 conversatione
509 3024 669 3080 mortalium
696 3024 777 3082 deam
802 3025 908 3102 templo
935 3023 1042 3081 reddat.

150 3130 223 3188 Mox
242 3128 402 3186 vehiculum
420 3138 448 3185 et
471 3137 573 3196 vestes,
595 3138 631 3197 et,
653 3129 677 3185 si
700 3128 814 3186 credere
835 3129 914 3196 velis,
936 3148 1041 3186 numen

150 3237 242 3313 ipsum
267 3243 373 3291 secreto
394 3233 458 3291 lacu
481 3234 612 3292 abluitur.
662 3234 742 3292 Servi
765 3235 941 3303 ministrant;
969 3253 1042 3310 quos

150 3342 243 3400 statim
257 3340 330 3398 idem
348 3340 425 3397 lacus
443 3339 545 3397 haurit.
586 3341 717 3397 Aroanus
732 3339 799 3397 hinc
818 3349 910 3398 terror
921 3364 923 3368 ·
934 3342 1043 3397 sancta·

149 3466 204 3524 que
214 3445 379 3521 ignorantia,
390 3444 458 3521 quid
472 3445 507 3500 sit
521 3443 591 3500 illud
604 3445 679 3521 quod
688 3453 798 3502 tantum
807 3446 924 3521 perituri
936 3443 1044 3502 vident.

189 3549 269 3609 XLI.
309 3550 348 3607 Et
365 3549 435 3607 haec
453 3548 566 3626 quidem
584 3569 648 3626 pars
669 3549 826 3608 Suevorum
844 3551 873 3607 in
893 3549 1045 3608 secretiora
