2242 3992
132 366 190 425 104
518 386 666 430 memus.

168 522 281 582 LVIII.
324 523 413 582 Simul
428 522 560 601 Segestes
574 525 642 603 ipse,
656 523 755 601 ingens
769 522 832 581 visu
850 530 879 579 et
891 518 1030 578 memoria

128 629 219 686 bonae
243 628 382 686 societatis
395 629 552 706 inpavidus.
593 629 689 687 Verba
702 630 762 706 ejus
776 629 806 685 in
818 627 894 685 hune
912 625 1030 684 modum

128 732 207 790 fuere
219 732 336 793 z-Nau
349 734 393 791 tu
414 735 486 791 miti
501 736 619 809 primae
636 755 701 813 ema
708 733 848 811 poputum
863 733 1030 790 Romanum

119 838 193 915 fidei
202 848 228 895 et
240 840 407 896 cuutautiae
417 840 494 896 diet:
510 859 543 897 eu
555 859 609 915 que
622 860 641 897 a
655 841 718 897 diua
729 840 852 917 Auqueta
862 839 971 896 civitati
980 837 1032 893 da·

73 984 77 994 -
128 953 211 1003 uatue
221 963 293 1012 eum,
304 945 407 1001 amieae
415 944 596 1019 inimicaeque
608 962 640 1001 ex
653 943 748 1001 austrie
762 941 925 1000 utilitatibus
932 939 1030 1018 deleat,

128 1068 216 1126 mque
238 1050 299 1106 adia
317 1051 442 1125 patriae,
467 1052 591 1126 (quippe
612 1051 767 1125 proditorie
793 1049 878 1106 etiam
901 1048 939 1104 iie
960 1065 1030 1122 quae

128 1164 301 1230 autepauuut
312 1155 399 1210 matu·
411 1149 507 1222 emit)
517 1173 615 1211 aarum
628 1155 697 1230 quia
707 1153 847 1210 Ramauie
861 1151 1029 1211 Germania·

128 1279 181 1336 que
201 1260 275 1317 idem
294 1260 451 1328 conducere,
465 1269 492 1316 et
505 1279 608 1335 pacem
634 1278 720 1335 quam
743 1257 842 1316 bellum
863 1256 1029 1333 probabam.

129 1366 205 1443 Eme
217 1375 356 1443 raptorem
360 1364 444 1443 filiae
457 1385 543 1435 meae,
562 1365 849 1440 violatu-emfaederie
861 1364 953 1430 metri,
968 1360 1037 1420 Ar-·

128 1472 261 1540 miuium,
271 1470 352 1546 apud
362 1469 478 1538 Varum,
487 1471 538 1545 qui
547 1480 607 1527 tum
618 1469 937 1544 euertituipraeeidebat,
945 1488 1029 1527 reum

119 1577 192 1650 feei.
219 1575 337 1633 Dilatm
347 1577 464 1652 saeuitia
473 1577 560 1646 duem,
575 1577 644 1652 quia
651 1576 908 1651 parumpraeeidii
920 1576 952 1631 iu
961 1573 1030 1652 leyt-

128 1681 178 1738 bui
191 1690 301 1751 matut
311 1700 355 1738 me
368 1690 393 1738 et
403 1680 570 1738 Arminium
584 1691 610 1738 et
621 1682 738 1738 cauteiae
750 1682 868 1738 vinciret
871 1681 1026 1756 flaqitavi:

128 1789 202 1845 testie
215 1787 264 1844 illa
277 1807 339 1856 aaa,
354 1788 425 1844 miti
437 1789 548 1845 utiuam
555 1789 652 1863 patim
664 1788 837 1845 uouieeima!
851 1806 922 1862 quae
935 1797 1029 1844 secuta

128 1904 196 1951 aaut
207 1894 303 1971 defleri
316 1894 407 1970 mayie
420 1912 506 1968 quum
519 1893 634 1967 dffeudi
644 1901 784 1968 pastuum
807 1903 926 1950 eetuum
939 1903 966 1950 et
981 1894 1030 1950 iu-

120 2002 181 2076 jeci
194 2010 304 2058 eateuae
318 2000 460 2068 Arminio,
474 2008 501 2056 et
512 2018 532 2055 a
535 1999 665 2073 factione
678 1999 737 2075 ejus
750 1999 863 2075 injectae
874 2017 1028 2074 perpetuae

128 2125 202 2162 eum.
243 2105 333 2180 Atque
346 2104 532 2179 ubipiimum
546 2105 590 2160 tui
602 2105 690 2179 capia,
701 2112 791 2161 uetera
804 2104 883 2161 aevu
894 2113 921 2161 et
932 2105 1029 2180 quieta

129 2211 246 2268 tmbia'is
260 2209 412 2277 autetabea,
433 2227 520 2284 mque
539 2209 569 2265 ob
583 2210 759 2285 praemium,
778 2210 828 2266 sed
844 2219 877 2266 ut
896 2228 941 2267 me
954 2229 1028 2285 per·

119 2314 202 2390 fidia
215 2313 358 2380 emeliam,
378 2311 466 2369 timul
479 2315 558 2389 acuti
575 2312 781 2371 Germanarum
804 2315 919 2371 mmmm
936 2316 1029 2372 cauci·

128 2418 219 2488 tiator,
233 2420 260 2475 ei
276 2419 478 2494 poeniteutiam
496 2438 582 2494 quam
597 2421 757 2495 perniciem
777 2417 915 2477 maluerit.
966 2420 1028 2478 Pro

121 2518 243 2593 juventa
263 2525 288 2574 et
306 2535 397 2573 errare
407 2515 474 2593 filii
490 2519 604 2575 aeuiam
615 2537 734 2594 precare
750 2516 852 2594 filiam
868 2519 1028 2576 ueeeeeitate

128 2622 182 2679 tue
194 2621 464 2694 adductamfatear:
487 2631 568 2679 tuum
588 2624 642 2679 erit
658 2621 819 2690 immittam,
833 2632 930 2679 utrum
937 2642 1029 2698 prae·

129 2727 227 2797 ualeat,
241 2728 315 2804 quad
326 2746 359 2784 ee
373 2726 506 2784 Arminio
519 2727 648 2801 coacepit,
665 2746 704 2783 au
724 2726 798 2802 quad
815 2746 848 2784 eu
867 2745 912 2783 me
926 2729 1028 2803 amita

129 2844 175 2893 aet.
227 2833 340 2901 Caesar,
364 2830 495 2889 elementi
518 2849 662 2908 responso,
686 2831 782 2888 liberis
805 2831 1028 2909 propinquisque
1118 2872 1119 2877 κ

129 2939 190 3014 ejus
204 2937 431 3005 incolumitatem,
446 2935 499 3013 ipsi
513 2935 609 2992 sedem
622 2944 717 2994 vetere
736 2937 766 2993 in
785 2937 929 3014 provincia
941 2937 1028 3014 pelli·

129 3052 217 3101 cetur.
246 3041 408 3099 Exercitum
422 3040 541 3110 reduxit,
553 3060 711 3118 nomenque
722 3043 896 3121 imperaturis
909 3051 1028 3102 metere

131 3147 245 3206 Tiberio
268 3148 386 3224 edeepit.
425 3147 560 3223 ssArmiuii
586 3165 656 3205 uxor
683 3147 771 3205 virilis
798 3168 880 3206 sexus
908 3149 1028 3226 stirpem
1117 3179 1118 3184 κ

130 3252 237 3311 edidit:
258 3251 390 3309 educatus
406 3250 559 3309 Ravennae
572 3271 650 3329 puer,
664 3272 721 3329 qua
734 3272 799 3311 mox
819 3252 940 3310 ludibrio
957 3274 1027 3312 eon·

129 3358 250 3417 flietutus
265 3357 309 3425 sit,
323 3356 351 3413 iu
365 3364 492 3432 tempore
504 3359 675 3415 memorabo.

169 3462 250 3521 LIX.
291 3460 378 3518 Fama
398 3459 483 3516 dediti
502 3460 679 3538 benigneque
699 3464 807 3540 excepti
822 3462 946 3540 Segestis
962 3466 1027 3523 vul·
1116 3470 1117 3495 ¹

128 3577 203 3644 gete„
218 3576 249 3624 ut
272 3566 427 3644 quibusque
447 3563 552 3621 bellum
575 3565 670 3623 invitis
690 3575 739 3624 aut
759 3569 932 3646 cupientibus
953 3581 1024 3641 erat,
