2242 3992
361 400 538 445 suussruu
560 403 657 444 arasa
679 405 700 445 1.
919 389 976 447 109

37 607 39 610 Ι
87 536 243 596 resultantis
268 540 356 599 saltus
380 543 569 619 complerent;
599 543 675 620 apud
697 542 840 602 Romanos
862 544 978 602 invalidi

86 642 172 718 ignes,
196 644 368 723 interruptae
391 663 484 715 voces,
506 657 591 724 atque
613 648 666 725 ipsi
689 648 793 725 passim
816 649 977 726 adjacerent

87 748 167 815 vallo,
186 751 351 809 oberrarent
369 754 506 822 tentoriis,
519 754 661 811 insomnes
679 754 769 831 magis
783 774 867 832 quam
885 756 977 833 pervi-

87 854 353 935 gileszducemque
379 860 479 917 terruit
505 859 568 916 dira
593 853 692 937 quiesi
719 879 785 919 uam
809 861 977 925 Quintilium

88 956 200 1029 Varum,
214 963 350 1039 sauguine
362 964 480 1021 oblitum
493 974 522 1022 et
534 965 682 1042 paludibus
700 984 848 1034 emersum,
863 986 977 1024 cernere

86 1073 111 1121 et
122 1065 222 1124 audire
234 1067 311 1125 visus
324 1077 368 1125 est
381 1061 458 1126 velut
470 1077 626 1137 vocantem,
640 1087 697 1126 uon
710 1077 805 1127 tamen
818 1070 976 1142 obsecutus,

87 1179 111 1226 et
122 1190 238 1228 manum
251 1172 418 1230 intendentis
432 1173 596 1249 reppulisse.
637 1173 745 1251 Coepta
757 1173 819 1230 luce
832 1175 934 1231 missae
947 1175 976 1232 in

22 1336 26 1345 ,
86 1273 170 1333 latera
190 1276 323 1353 legiones,
342 1286 419 1335 metu
439 1296 474 1334 an
495 1270 677 1347 contumacia,
696 1278 789 1335 locum
809 1278 976 1337 deseruere:

88 1389 164 1458 capto
184 1401 304 1459 propere
327 1402 425 1460 campo
446 1375 591 1440 bumentia
615 1382 700 1440 ultra.
754 1382 855 1460 Neque
882 1393 974 1442 tamen

90 1485 240 1556 Arminius,
264 1508 432 1566 quamquam
455 1489 544 1546 libero
565 1489 688 1558 incursu,
713 1489 806 1546 statim
830 1489 976 1566 prorupit:

89 1590 142 1658 sed,
168 1599 201 1649 ut
227 1592 343 1650 haesere
367 1613 454 1651 coeno
480 1593 620 1670 fossisque
646 1593 844 1671 inpedimenta,
871 1595 976 1651 tuubati

89 1696 187 1754 circum
210 1698 321 1768 milites,
345 1699 467 1757 incertus
489 1699 634 1776 signorum
657 1699 734 1767 ordo,
757 1708 841 1775 atque
866 1699 917 1756 tali
946 1700 975 1756 in

90 1809 216 1880 tempore,
234 1804 286 1862 sibi
306 1805 425 1882 quisque
441 1824 577 1883 properus
596 1813 625 1862 et
642 1805 734 1862 lentae
753 1804 902 1861 adversum
923 1805 976 1861 im·

89 1908 159 1981 peria
180 1928 272 1975 aures,
294 1910 454 1987 inrumpere
468 1910 625 1969 Germanos
646 1910 735 1985 jubet,
757 1909 911 1976 clamitans,
926 1909 975 1966 Ea

93 2011 178 2072 Varus
200 2025 226 2072 et
247 2017 339 2073 eodem
362 2018 464 2073 iterum
477 2017 544 2089 fato
568 2018 675 2073 clasma
694 2014 833 2091 legiones!
886 2013 975 2072 Simul

90 2117 159 2188 haec,
179 2129 208 2178 et
229 2141 293 2178 cum
311 2121 425 2178 delectis
446 2121 547 2177 scindit
569 2138 678 2195 agmen,
701 2117 835 2194 equisque
855 2117 974 2173 maxime

90 2225 198 2284 vulnera
219 2227 332 2303 ingerit.
371 2226 418 2284 Illi
438 2226 573 2302 sauguine
592 2243 643 2281 suo
661 2232 690 2281 et
713 2222 820 2280 lubrico
841 2222 974 2300 paludum

90 2329 230 2407 lapsantes
244 2334 367 2391 excussis
381 2333 545 2401 rectoribus,
559 2332 688 2408 disjicere
706 2330 813 2399 obvios,
831 2336 974 2406 proterere

88 2436 222 2511 jacentes:
243 2438 382 2515 plurimus·
396 2439 470 2496 circa
487 2438 595 2514 aquilas
613 2437 701 2505 labor,
720 2455 792 2514 quae
815 2455 907 2513 neque
925 2436 974 2493 ad·

90 2561 193 2602 versum
205 2545 275 2602 ferri
287 2546 447 2621 ingruentia
459 2546 516 2602 tela
528 2563 621 2620 neque
639 2543 688 2619 figi
706 2543 806 2600 limosa
818 2541 905 2598 humo
923 2561 973 2618 po-

91 2653 180 2707 aaut
229 2648 360 2718 Caecina,
381 2650 448 2707 dum
472 2658 610 2707 sustentat
633 2648 729 2716 aciem,
751 2646 880 2703 subfosso
901 2665 972 2721 equo

91 2750 209 2832 delapsus
223 2755 500 2824 circumveniebatur,
513 2755 543 2811 ui
556 2754 647 2832 prima
660 2753 734 2829 legio
748 2770 810 2808 sese
828 2750 972 2827 obposuis-

91 2865 134 2914 set.
181 2858 262 2918 Juvit
285 2858 409 2916 bostium
435 2859 562 2926 aviditas,
591 2858 694 2915 omissa
721 2856 813 2924 caede,
841 2855 972 2933 praedam

13 2991 14 2998 1
92 2966 273 3022 sectantium:
304 2964 452 3041 enisaeque
479 2964 604 3040 legiones
631 2969 843 3040 vesperascente
871 2962 915 3018 die
943 2961 971 3017 in

89 3078 174 3144 aperta
185 3078 217 3127 et
227 3069 325 3127 solida.
366 3069 467 3146 Neque
479 3070 504 3126 is
516 3070 692 3127 miseriarum
705 3068 768 3125 finis
780 3087 788 3125 ε
809 3067 971 3125 struendum

89 3176 191 3248 vallum,
215 3178 351 3256 petendus
375 3198 480 3255 agger:
508 3179 610 3237 amissa
632 3197 735 3255 magna
761 3196 796 3233 ex
822 3184 901 3254 parte
921 3195 971 3253 per

13 3285 14 3326 ἶ
89 3299 152 3357 quae
177 3286 300 3362 egeritur
321 3283 422 3341 humus
451 3293 499 3342 aut
523 3284 658 3342 exciditur
682 3302 795 3360 cespes:
826 3302 882 3339 non
909 3290 970 3338 ten·

88 3388 153 3446 toria
176 3390 334 3467 manipulis,
357 3410 415 3447 non
438 3391 564 3448 fomenta
590 3390 712 3447 sauciis:
740 3389 858 3447 infectos
883 3405 968 3444 coeno

89 3501 131 3549 aut
152 3514 248 3553 cruore
274 3496 351 3553 cibos
375 3496 539 3565 dividentes,
560 3496 686 3554 funestas
713 3495 853 3560 tenebras,
875 3498 903 3547 et
926 3497 968 3546 tot

829 3615 847 3653 a
