<?xml version="1.0" encoding="UTF-8"?>
<!DOCTYPE html PUBLIC "-//W3C//DTD XHTML 1.0 Transitional//EN"
    "http://www.w3.org/TR/xhtml1/DTD/xhtml1-transitional.dtd">
<html xmlns="http://www.w3.org/1999/xhtml" xml:lang="en" lang="en">
 <head>
  <title>
</title>
<meta http-equiv="Content-Type" content="text/html;charset=utf-8" />
  <meta name='ocr-system' content='tesseract 3.04.00' />
  <meta name='ocr-capabilities' content='ocr_page ocr_carea ocr_par ocr_line ocrx_word'/>
</head>
<body>
  <div class='ocr_page' id='page_1' title='image "./germaniaagricol00btgoog_0176.png"; bbox 0 0 2242 3992; ppageno 0'>
   <div class='ocr_carea' id='block_1_1' title="bbox 160 321 684 380">
    <p class='ocr_par' dir='ltr' id='par_1_1' title="bbox 160 321 684 380">
     <span class='ocr_line' id='line_1_1' title="bbox 160 321 684 380; baseline -0.01 -1"><span class='ocrx_word' id='word_1_1' title='bbox 160 321 199 379; x_wconf 84' lang='grc'><strong>88</strong></span> <span class='ocrx_word' id='word_1_2' title='bbox 536 335 684 380; x_wconf 75' lang='lat' dir='ltr'><strong>suerrus.</strong></span> 
     </span>
    </p>
   </div>
   <div class='ocr_carea' id='block_1_2' title="bbox 155 471 1112 1183">
    <p class='ocr_par' dir='ltr' id='par_1_2' title="bbox 157 471 1112 759">
     <span class='ocr_line' id='line_1_2' title="bbox 159 471 1112 553; baseline -0.002 -22"><span class='ocrx_word' id='word_1_3' title='bbox 159 474 355 552; x_wconf 82' lang='lat' dir='ltr'><strong>quintanisque</strong></span> <span class='ocrx_word' id='word_1_4' title='bbox 372 476 461 546; x_wconf 89' lang='lat' dir='ltr'><strong>initio,</strong></span> <span class='ocrx_word' id='word_1_5' title='bbox 475 484 504 534; x_wconf 92' lang='lat' dir='ltr'><strong>et</strong></span> <span class='ocrx_word' id='word_1_6' title='bbox 521 476 619 534; x_wconf 87' lang='lat' dir='ltr'><strong>tractis</strong></span> <span class='ocrx_word' id='word_1_7' title='bbox 636 475 727 552; x_wconf 91' lang='lat' dir='ltr'><strong>prima</strong></span> <span class='ocrx_word' id='word_1_8' title='bbox 744 492 855 551; x_wconf 87' lang='lat' dir='ltr'><strong>quoque</strong></span> <span class='ocrx_word' id='word_1_9' title='bbox 874 491 907 547; x_wconf 79' lang='lat' dir='ltr'><strong>ac</strong></span> <span class='ocrx_word' id='word_1_10' title='bbox 922 471 1049 547; x_wconf 67' lang='lat' dir='ltr'><strong>vicesima</strong></span> <span class='ocrx_word' id='word_1_11' title='bbox 1111 544 1112 553; x_wconf 9' lang='grc' dir='ltr'>ἵ</span> 
     </span>
     <span class='ocr_line' id='line_1_3' title="bbox 158 556 1112 655; baseline -0.006 -19"><span class='ocrx_word' id='word_1_12' title='bbox 158 579 314 655; x_wconf 82' lang='lat' dir='ltr'>legionibus</span> <span class='ocrx_word' id='word_1_13' title='bbox 324 603 332 648; x_wconf 93' lang='lat'>;</span> <span class='ocrx_word' id='word_1_14' title='bbox 344 600 410 637; x_wconf 89' lang='lat' dir='ltr'><strong>nam</strong></span> <span class='ocrx_word' id='word_1_15' title='bbox 423 581 523 638; x_wconf 89' lang='lat' dir='ltr'><strong>iisdem</strong></span> <span class='ocrx_word' id='word_1_16' title='bbox 536 579 649 638; x_wconf 87' lang='lat' dir='ltr'><strong>aestivis</strong></span> <span class='ocrx_word' id='word_1_17' title='bbox 663 578 694 634; x_wconf 90' lang='lat' dir='ltr'><strong>in</strong></span> <span class='ocrx_word' id='word_1_18' title='bbox 706 576 809 635; x_wconf 86' lang='lat' dir='ltr'><strong>finibus</strong></span> <span class='ocrx_word' id='word_1_19' title='bbox 819 562 1049 645; x_wconf 23' lang='lat' dir='ltr'><strong>Ubiorum-haber</strong></span> <span class='ocrx_word' id='word_1_20' title='bbox 1111 556 1112 593; x_wconf 59' lang='lat'><em>³</em></span> 
     </span>
     <span class='ocr_line' id='line_1_4' title="bbox 157 663 1048 759; baseline -0.003 -21"><span class='ocrx_word' id='word_1_21' title='bbox 157 663 260 739; x_wconf 83' lang='lat' dir='ltr'><strong>bantur</strong></span> <span class='ocrx_word' id='word_1_22' title='bbox 282 701 333 759; x_wconf 92' lang='lat' dir='ltr'><strong>per</strong></span> <span class='ocrx_word' id='word_1_23' title='bbox 356 684 444 740; x_wconf 89' lang='lat' dir='ltr'><strong>otium</strong></span> <span class='ocrx_word' id='word_1_24' title='bbox 467 691 515 740; x_wconf 89' lang='lat' dir='ltr'><strong>aut</strong></span> <span class='ocrx_word' id='word_1_25' title='bbox 535 682 609 740; x_wconf 78' lang='lat' dir='ltr'><strong>levia</strong></span> <span class='ocrx_word' id='word_1_26' title='bbox 627 682 733 741; x_wconf 87' lang='lat' dir='ltr'><strong>munia.</strong></span> <span class='ocrx_word' id='word_1_27' title='bbox 773 680 873 758; x_wconf 81' lang='lat' dir='ltr'>Igitur,</span> <span class='ocrx_word' id='word_1_28' title='bbox 887 679 984 736; x_wconf 89' lang='lat' dir='ltr'><strong>audito</strong></span> <span class='ocrx_word' id='word_1_29' title='bbox 998 679 1048 736; x_wconf 84' lang='lat' dir='ltr'><strong>fine</strong></span> 
     </span>
    </p>

    <p class='ocr_par' dir='ltr' id='par_1_3' title="bbox 155 783 1112 1183">
     <span class='ocr_line' id='line_1_5' title="bbox 159 783 1112 865; baseline 0.003 -22"><span class='ocrx_word' id='word_1_30' title='bbox 159 786 292 864; x_wconf 82' lang='lat' dir='ltr'><strong>Augusti,</strong></span> <span class='ocrx_word' id='word_1_31' title='bbox 315 787 466 845; x_wconf 87' lang='lat' dir='ltr'><strong>vernacula</strong></span> <span class='ocrx_word' id='word_1_32' title='bbox 488 786 647 857; x_wconf 92' lang='lat' dir='ltr'><strong>multitudo,</strong></span> <span class='ocrx_word' id='word_1_33' title='bbox 670 805 760 865; x_wconf 86' lang='lat' dir='ltr'><strong>nuper</strong></span> <span class='ocrx_word' id='word_1_34' title='bbox 783 794 846 842; x_wconf 91' lang='lat' dir='ltr'><strong>acto</strong></span> <span class='ocrx_word' id='word_1_35' title='bbox 866 785 896 843; x_wconf 92' lang='lat' dir='ltr'><strong>in</strong></span> <span class='ocrx_word' id='word_1_36' title='bbox 915 786 987 842; x_wconf 90' lang='lat' dir='ltr'><strong>urbe</strong></span> <span class='ocrx_word' id='word_1_37' title='bbox 1006 783 1049 846; x_wconf 79' lang='lat' dir='ltr'><strong>de</strong></span> <span class='ocrx_word' id='word_1_38' title='bbox 1111 846 1112 863; x_wconf 26' lang='lat' dir='ltr'><strong>q</strong></span> 
     </span>
     <span class='ocr_line' id='line_1_6' title="bbox 157 889 1049 969; baseline -0.003 -20"><span class='ocrx_word' id='word_1_39' title='bbox 157 891 241 962; x_wconf 87' lang='lat' dir='ltr'><strong>lectu,</strong></span> <span class='ocrx_word' id='word_1_40' title='bbox 255 893 385 950; x_wconf 89' lang='lat' dir='ltr'><strong>lasciviae</strong></span> <span class='ocrx_word' id='word_1_41' title='bbox 409 901 496 963; x_wconf 88' lang='lat' dir='ltr'><strong>sueta,</strong></span> <span class='ocrx_word' id='word_1_42' title='bbox 510 894 638 951; x_wconf 87' lang='lat' dir='ltr'><strong>laborum</strong></span> <span class='ocrx_word' id='word_1_43' title='bbox 657 891 818 965; x_wconf 85' lang='lat' dir='ltr'><strong>intolerans,</strong></span> <span class='ocrx_word' id='word_1_44' title='bbox 832 889 968 969; x_wconf 87' lang='lat' dir='ltr'><strong>inpellere</strong></span> <span class='ocrx_word' id='word_1_45' title='bbox 981 896 1049 947; x_wconf 82' lang='lat' dir='ltr'><strong>cete·</strong></span> 
     </span>
     <span class='ocr_line' id='line_1_7' title="bbox 157 997 1112 1074; baseline -0.002 -21"><span class='ocrx_word' id='word_1_46' title='bbox 157 1015 253 1055; x_wconf 89' lang='lat' dir='ltr'><strong>rorum</strong></span> <span class='ocrx_word' id='word_1_47' title='bbox 266 998 350 1057; x_wconf 88' lang='lat' dir='ltr'><strong>rudes</strong></span> <span class='ocrx_word' id='word_1_48' title='bbox 364 999 490 1058; x_wconf 83' lang='lat' dir='ltr'><strong>animos:</strong></span> <span class='ocrx_word' id='word_1_49' title='bbox 510 999 616 1056; x_wconf 74' lang='lat' dir='ltr'><strong>venisse</strong></span> <span class='ocrx_word' id='word_1_50' title='bbox 629 1007 746 1074; x_wconf 79' lang='lat' dir='ltr'><strong>tempas,</strong></span> <span class='ocrx_word' id='word_1_51' title='bbox 759 1015 812 1072; x_wconf 80' lang='lat' dir='ltr'><strong>qao</strong></span> <span class='ocrx_word' id='word_1_52' title='bbox 826 997 951 1053; x_wconf 81' lang='lat' dir='ltr'><strong>veterani</strong></span> <span class='ocrx_word' id='word_1_53' title='bbox 964 1003 1049 1052; x_wconf 64' lang='lat' dir='ltr'><strong>mata»</strong></span> <span class='ocrx_word' id='word_1_54' title='bbox 1111 1026 1112 1035; x_wconf 72' lang='lat'>=</span> 
     </span>
     <span class='ocr_line' id='line_1_8' title="bbox 155 1102 1049 1183; baseline -0.003 -23"><span class='ocrx_word' id='word_1_55' title='bbox 155 1123 221 1161; x_wconf 83' lang='lat' dir='ltr'><strong>ram</strong></span> <span class='ocrx_word' id='word_1_56' title='bbox 235 1106 404 1175; x_wconf 71' lang='lat' dir='ltr'><strong>missionem,</strong></span> <span class='ocrx_word' id='word_1_57' title='bbox 409 1107 530 1183; x_wconf 77' lang='lat' dir='ltr'><strong>juvenes</strong></span> <span class='ocrx_word' id='word_1_58' title='bbox 539 1104 662 1182; x_wconf 69' lang='lat' dir='ltr'><strong>lumime</strong></span> <span class='ocrx_word' id='word_1_59' title='bbox 674 1103 824 1180; x_wconf 70' lang='lat' dir='ltr'><strong>retinendis,</strong></span> <span class='ocrx_word' id='word_1_60' title='bbox 838 1103 932 1160; x_wconf 82' lang='lat' dir='ltr'><strong>euasti</strong></span> <span class='ocrx_word' id='word_1_61' title='bbox 941 1102 1049 1158; x_wconf 81' lang='lat' dir='ltr'><strong>modum</strong></span> 
     </span>
    </p>
   </div>
   <div class='ocr_carea' id='block_1_3' title="bbox 154 1205 1113 1519">
    <p class='ocr_par' dir='ltr' id='par_1_4' title="bbox 154 1205 1113 1519">
     <span class='ocr_line' id='line_1_9' title="bbox 154 1205 1049 1288; baseline -0.004 -21"><span class='ocrx_word' id='word_1_62' title='bbox 154 1209 337 1269; x_wconf 80' lang='lat' dir='ltr'><strong>miseriorem</strong></span> <span class='ocrx_word' id='word_1_63' title='bbox 356 1219 533 1288; x_wconf 73' lang='lat' dir='ltr'><strong>esposeereat</strong></span> <span class='ocrx_word' id='word_1_64' title='bbox 557 1210 756 1285; x_wconf 72' lang='lat' dir='ltr'><strong>saevitiamque</strong></span> <span class='ocrx_word' id='word_1_65' title='bbox 773 1208 968 1266; x_wconf 73' lang='lat' dir='ltr'><strong>centesimam</strong></span> <span class='ocrx_word' id='word_1_66' title='bbox 986 1205 1049 1264; x_wconf 77' lang='lat' dir='ltr'><strong>odoi·</strong></span> 
     </span>
     <span class='ocr_line' id='line_1_10' title="bbox 156 1311 1047 1388; baseline -0.004 -17"><span class='ocrx_word' id='word_1_67' title='bbox 156 1324 304 1373; x_wconf 71' lang='lat' dir='ltr'><strong>sementes.</strong></span> <span class='ocrx_word' id='word_1_68' title='bbox 345 1314 411 1373; x_wconf 90' lang='lat' dir='ltr'><strong>Non</strong></span> <span class='ocrx_word' id='word_1_69' title='bbox 425 1335 498 1375; x_wconf 91' lang='lat' dir='ltr'><strong>unus</strong></span> <span class='ocrx_word' id='word_1_70' title='bbox 516 1315 595 1383; x_wconf 88' lang='lat' dir='ltr'><strong>haec,</strong></span> <span class='ocrx_word' id='word_1_71' title='bbox 609 1323 641 1372; x_wconf 92' lang='lat' dir='ltr'><strong>ut</strong></span> <span class='ocrx_word' id='word_1_72' title='bbox 652 1313 827 1375; x_wconf 85' lang='lat' dir='ltr'><strong>Pannonicas</strong></span> <span class='ocrx_word' id='word_1_73' title='bbox 841 1314 915 1370; x_wconf 88' lang='lat' dir='ltr'><strong>inter</strong></span> <span class='ocrx_word' id='word_1_74' title='bbox 928 1311 1047 1388; x_wconf 82' lang='lat' dir='ltr'><strong>legiones</strong></span> 
     </span>
     <span class='ocr_line' id='line_1_11' title="bbox 157 1378 1113 1519; baseline 0.002 -45"><span class='ocrx_word' id='word_1_75' title='bbox 157 1417 337 1489; x_wconf 82' lang='lat' dir='ltr'><strong>Percennius,</strong></span> <span class='ocrx_word' id='word_1_76' title='bbox 351 1439 404 1477; x_wconf 89' lang='lat' dir='ltr'><strong>nec</strong></span> <span class='ocrx_word' id='word_1_77' title='bbox 417 1420 491 1497; x_wconf 91' lang='lat' dir='ltr'><strong>apud</strong></span> <span class='ocrx_word' id='word_1_78' title='bbox 508 1420 632 1498; x_wconf 85' lang='lat' dir='ltr'><strong>trepidas</strong></span> <span class='ocrx_word' id='word_1_79' title='bbox 652 1419 773 1476; x_wconf 87' lang='lat' dir='ltr'><strong>militum</strong></span> <span class='ocrx_word' id='word_1_80' title='bbox 793 1438 875 1476; x_wconf 89' lang='lat' dir='ltr'><strong>aures</strong></span> <span class='ocrx_word' id='word_1_81' title='bbox 895 1417 966 1477; x_wconf 86' lang='lat' dir='ltr'><strong>alios</strong></span> <span class='ocrx_word' id='word_1_82' title='bbox 985 1416 1047 1476; x_wconf 84' lang='lat' dir='ltr'><strong>vali·</strong></span> <span class='ocrx_word' id='word_1_83' title='bbox 1110 1378 1113 1519; x_wconf 62' lang='lat' dir='ltr'><strong>l</strong></span> 
     </span>
    </p>
   </div>
   <div class='ocr_carea' id='block_1_4' title="bbox 143 1522 1112 3604">
    <p class='ocr_par' dir='ltr' id='par_1_5' title="bbox 152 1522 1112 1916">
     <span class='ocr_line' id='line_1_12' title="bbox 156 1522 1048 1604; baseline 0.003 -25"><span class='ocrx_word' id='word_1_84' title='bbox 156 1522 248 1580; x_wconf 90' lang='lat' dir='ltr'><strong>diores</strong></span> <span class='ocrx_word' id='word_1_85' title='bbox 270 1525 408 1585; x_wconf 85' lang='lat' dir='ltr'><strong>exercitus</strong></span> <span class='ocrx_word' id='word_1_86' title='bbox 428 1526 646 1604; x_wconf 81' lang='lat' dir='ltr'><strong>respicientium,</strong></span> <span class='ocrx_word' id='word_1_87' title='bbox 661 1525 711 1584; x_wconf 88' lang='lat' dir='ltr'><strong>sed</strong></span> <span class='ocrx_word' id='word_1_88' title='bbox 730 1526 819 1582; x_wconf 87' lang='lat' dir='ltr'><strong>multa</strong></span> <span class='ocrx_word' id='word_1_89' title='bbox 839 1524 984 1583; x_wconf 83' lang='lat' dir='ltr'><strong>seditionis</strong></span> <span class='ocrx_word' id='word_1_90' title='bbox 1003 1541 1048 1582; x_wconf 84' lang='lat' dir='ltr'><strong>ora</strong></span> 
     </span>
     <span class='ocr_line' id='line_1_13' title="bbox 154 1612 1112 1706; baseline 0.001 -21"><span class='ocrx_word' id='word_1_91' title='bbox 154 1647 310 1706; x_wconf 78' lang='lat' dir='ltr'><strong>vocesquer</strong></span> <span class='ocrx_word' id='word_1_92' title='bbox 330 1650 383 1688; x_wconf 82' lang='lat' dir='ltr'><strong>seta</strong></span> <span class='ocrx_word' id='word_1_93' title='bbox 396 1631 428 1689; x_wconf 80' lang='lat' dir='ltr'><strong>iis</strong></span> <span class='ocrx_word' id='word_1_94' title='bbox 442 1650 532 1688; x_wconf 80' lang='lat' dir='ltr'><strong>mones</strong></span> <span class='ocrx_word' id='word_1_95' title='bbox 545 1632 629 1689; x_wconf 87' lang='lat' dir='ltr'><strong>sitam</strong></span> <span class='ocrx_word' id='word_1_96' title='bbox 642 1651 702 1689; x_wconf 84' lang='lat' dir='ltr'><strong>rem</strong></span> <span class='ocrx_word' id='word_1_97' title='bbox 715 1632 902 1694; x_wconf 63' lang='lat' dir='ltr'><strong>Romanam</strong></span> <span class='ocrx_word' id='word_1_98' title='bbox 923 1631 985 1687; x_wconf 85' lang='lat' dir='ltr'><strong>sais</strong></span> <span class='ocrx_word' id='word_1_99' title='bbox 997 1629 1047 1686; x_wconf 80' lang='lat' dir='ltr'><strong>oia·</strong></span> <span class='ocrx_word' id='word_1_100' title='bbox 1111 1612 1112 1647; x_wconf 60' lang='lat'>³</span> 
     </span>
     <span class='ocr_line' id='line_1_14' title="bbox 152 1734 1048 1813; baseline 0.001 -22"><span class='ocrx_word' id='word_1_101' title='bbox 152 1735 231 1791; x_wconf 85' lang='lat' dir='ltr'><strong>teriis</strong></span> <span class='ocrx_word' id='word_1_102' title='bbox 244 1736 343 1813; x_wconf 72' lang='lat' dir='ltr'><strong>asperi</strong></span> <span class='ocrx_word' id='word_1_103' title='bbox 362 1754 422 1793; x_wconf 85' lang='lat' dir='ltr'><strong>rem</strong></span> <span class='ocrx_word' id='word_1_104' title='bbox 436 1734 605 1812; x_wconf 65' lang='lat' dir='ltr'><strong>publicam</strong></span> <span class='ocrx_word' id='word_1_105' title='bbox 628 1737 661 1794; x_wconf 81' lang='lat' dir='ltr'><strong>iii</strong></span> <span class='ocrx_word' id='word_1_106' title='bbox 680 1755 765 1794; x_wconf 81' lang='lat' dir='ltr'><strong>suem</strong></span> <span class='ocrx_word' id='word_1_107' title='bbox 782 1745 990 1813; x_wconf 72' lang='lat' dir='ltr'><strong>capnomemum</strong></span> <span class='ocrx_word' id='word_1_108' title='bbox 1002 1734 1048 1792; x_wconf 85' lang='lat' dir='ltr'><strong>ad·</strong></span> 
     </span>
     <span class='ocr_line' id='line_1_15' title="bbox 153 1840 435 1916; baseline 0.011 -20"><span class='ocrx_word' id='word_1_109' title='bbox 153 1840 234 1897; x_wconf 83' lang='lat' dir='ltr'><strong>scissi</strong></span> <span class='ocrx_word' id='word_1_110' title='bbox 246 1840 435 1916; x_wconf 79' lang='lat' dir='ltr'><strong>imperatores.</strong></span> 
     </span>
    </p>

    <p class='ocr_par' dir='ltr' id='par_1_6' title="bbox 143 1942 1112 3389">
     <span class='ocr_line' id='line_1_16' title="bbox 143 1942 1047 2024; baseline -0.002 -20"><span class='ocrx_word' id='word_1_111' title='bbox 143 1980 146 1984; x_wconf 22' lang='grc' dir='ltr'><strong>Δ</strong></span> <span class='ocrx_word' id='word_1_112' title='bbox 196 1942 322 2004; x_wconf 86' lang='lat' dir='ltr'><strong>XXXII.</strong></span> <span class='ocrx_word' id='word_1_113' title='bbox 363 1946 426 2004; x_wconf 87' lang='lat' dir='ltr'><strong>Nec</strong></span> <span class='ocrx_word' id='word_1_114' title='bbox 446 1947 557 2023; x_wconf 85' lang='lat' dir='ltr'><strong>legatus</strong></span> <span class='ocrx_word' id='word_1_115' title='bbox 581 1946 693 2005; x_wconf 80' lang='lat' dir='ltr'><strong>obviam</strong></span> <span class='ocrx_word' id='word_1_116' title='bbox 713 1947 788 2004; x_wconf 79' lang='lat' dir='ltr'><strong>ibat:</strong></span> <span class='ocrx_word' id='word_1_117' title='bbox 809 1947 912 2024; x_wconf 90' lang='lat' dir='ltr'><strong>quippe</strong></span> <span class='ocrx_word' id='word_1_118' title='bbox 929 1944 1047 2023; x_wconf 90' lang='lat' dir='ltr'><strong>plurium</strong></span> 
     </span>
     <span class='ocr_line' id='line_1_17' title="bbox 151 2026 1112 2129; baseline 0 -22"><span class='ocrx_word' id='word_1_119' title='bbox 151 2026 283 2109; x_wconf 79' lang='lat' dir='ltr'><strong>¹vecordia</strong></span> <span class='ocrx_word' id='word_1_120' title='bbox 301 2052 486 2110; x_wconf 86' lang='lat' dir='ltr'><strong>constantiam</strong></span> <span class='ocrx_word' id='word_1_121' title='bbox 505 2059 655 2110; x_wconf 87' lang='lat' dir='ltr'><strong>exemerat.</strong></span> <span class='ocrx_word' id='word_1_122' title='bbox 696 2051 825 2128; x_wconf 91' lang='lat' dir='ltr'><strong>Repente</strong></span> <span class='ocrx_word' id='word_1_123' title='bbox 844 2050 982 2129; x_wconf 78' lang='lat' dir='ltr'><strong>lymphati</strong></span> <span class='ocrx_word' id='word_1_124' title='bbox 1002 2050 1046 2107; x_wconf 87' lang='lat' dir='ltr'><strong>de·</strong></span> <span class='ocrx_word' id='word_1_125' title='bbox 1111 2086 1112 2089; x_wconf 60' lang='lat'><em>=</em></span> 
     </span>
     <span class='ocr_line' id='line_1_18' title="bbox 152 2156 1112 2233; baseline 0 -22"><span class='ocrx_word' id='word_1_126' title='bbox 152 2157 255 2213; x_wconf 89' lang='lat' dir='ltr'><strong>strictis</strong></span> <span class='ocrx_word' id='word_1_127' title='bbox 274 2157 376 2233; x_wconf 86' lang='lat' dir='ltr'><strong>gladiis</strong></span> <span class='ocrx_word' id='word_1_128' title='bbox 394 2158 425 2214; x_wconf 90' lang='lat' dir='ltr'><strong>in</strong></span> <span class='ocrx_word' id='word_1_129' title='bbox 445 2158 622 2215; x_wconf 83' lang='lat' dir='ltr'><strong>centuriones</strong></span> <span class='ocrx_word' id='word_1_130' title='bbox 640 2156 795 2215; x_wconf 84' lang='lat' dir='ltr'><strong>invadunt:</strong></span> <span class='ocrx_word' id='word_1_131' title='bbox 816 2176 850 2214; x_wconf 91' lang='lat' dir='ltr'><strong>ea</strong></span> <span class='ocrx_word' id='word_1_132' title='bbox 862 2156 1047 2216; x_wconf 84' lang='lat' dir='ltr'><strong>vetustissima</strong></span> <span class='ocrx_word' id='word_1_133' title='bbox 1111 2208 1112 2211; x_wconf 74' lang='grc'>,</span> 
     </span>
     <span class='ocr_line' id='line_1_19' title="bbox 150 2261 1048 2341; baseline -0.001 -22"><span class='ocrx_word' id='word_1_134' title='bbox 150 2261 317 2319; x_wconf 87' lang='lat' dir='ltr'><strong>militaribus</strong></span> <span class='ocrx_word' id='word_1_135' title='bbox 332 2261 404 2320; x_wconf 89' lang='lat' dir='ltr'><strong>odiis</strong></span> <span class='ocrx_word' id='word_1_136' title='bbox 417 2263 556 2332; x_wconf 89' lang='lat' dir='ltr'><strong>materies,</strong></span> <span class='ocrx_word' id='word_1_137' title='bbox 571 2272 600 2321; x_wconf 88' lang='lat' dir='ltr'><strong>et</strong></span> <span class='ocrx_word' id='word_1_138' title='bbox 614 2263 756 2321; x_wconf 88' lang='lat' dir='ltr'><strong>saeviendi</strong></span> <span class='ocrx_word' id='word_1_139' title='bbox 769 2263 946 2341; x_wconf 89' lang='lat' dir='ltr'><strong>principium.</strong></span> <span class='ocrx_word' id='word_1_140' title='bbox 980 2261 1048 2320; x_wconf 90' lang='lat' dir='ltr'><strong>Pro·</strong></span> 
     </span>
     <span class='ocr_line' id='line_1_20' title="bbox 151 2368 1048 2445; baseline -0.002 -20"><span class='ocrx_word' id='word_1_141' title='bbox 151 2376 257 2445; x_wconf 78' lang='lat' dir='ltr'><strong>stratos</strong></span> <span class='ocrx_word' id='word_1_142' title='bbox 270 2368 433 2425; x_wconf 87' lang='lat' dir='ltr'><strong>verberibus</strong></span> <span class='ocrx_word' id='word_1_143' title='bbox 447 2368 580 2436; x_wconf 89' lang='lat' dir='ltr'><strong>mulcant,</strong></span> <span class='ocrx_word' id='word_1_144' title='bbox 600 2368 731 2445; x_wconf 79' lang='lat' dir='ltr'><strong>sexageni</strong></span> <span class='ocrx_word' id='word_1_145' title='bbox 751 2368 886 2445; x_wconf 80' lang='lat' dir='ltr'><strong>singulos,</strong></span> <span class='ocrx_word' id='word_1_146' title='bbox 903 2375 936 2425; x_wconf 95' lang='lat' dir='ltr'><strong>ut</strong></span> <span class='ocrx_word' id='word_1_147' title='bbox 953 2385 1048 2425; x_wconf 92' lang='lat' dir='ltr'><strong>nume·</strong></span> 
     </span>
     <span class='ocr_line' id='line_1_21' title="bbox 150 2456 1112 2551; baseline 0.001 -21"><span class='ocrx_word' id='word_1_148' title='bbox 150 2492 214 2530; x_wconf 89' lang='lat' dir='ltr'><strong>rum</strong></span> <span class='ocrx_word' id='word_1_149' title='bbox 237 2473 432 2531; x_wconf 86' lang='lat' dir='ltr'><strong>centurionum</strong></span> <span class='ocrx_word' id='word_1_150' title='bbox 454 2459 651 2551; x_wconf 84' lang='lat' dir='ltr'><strong>adaequarent.</strong></span> <span class='ocrx_word' id='word_1_151' title='bbox 693 2474 769 2532; x_wconf 89' lang='lat' dir='ltr'><strong>Tum</strong></span> <span class='ocrx_word' id='word_1_152' title='bbox 791 2473 939 2531; x_wconf 87' lang='lat' dir='ltr'><strong>convulsos</strong></span> <span class='ocrx_word' id='word_1_153' title='bbox 963 2471 1048 2529; x_wconf 87' lang='lat' dir='ltr'><strong>lania·</strong></span> <span class='ocrx_word' id='word_1_154' title='bbox 1111 2456 1112 2531; x_wconf 71' lang='lat' dir='ltr'><strong>l</strong></span> 
     </span>
     <span class='ocr_line' id='line_1_22' title="bbox 149 2574 1112 2653; baseline 0 -19"><span class='ocrx_word' id='word_1_155' title='bbox 149 2583 249 2653; x_wconf 86' lang='lat' dir='ltr'><strong>tosque</strong></span> <span class='ocrx_word' id='word_1_156' title='bbox 271 2583 299 2632; x_wconf 91' lang='lat' dir='ltr'><strong>et</strong></span> <span class='ocrx_word' id='word_1_157' title='bbox 320 2575 422 2652; x_wconf 86' lang='lat' dir='ltr'><strong>partim</strong></span> <span class='ocrx_word' id='word_1_158' title='bbox 443 2577 585 2634; x_wconf 84' lang='lat' dir='ltr'><strong>exanimos</strong></span> <span class='ocrx_word' id='word_1_159' title='bbox 606 2585 672 2635; x_wconf 89' lang='lat' dir='ltr'><strong>ante</strong></span> <span class='ocrx_word' id='word_1_160' title='bbox 689 2578 796 2636; x_wconf 86' lang='lat' dir='ltr'><strong>vallum</strong></span> <span class='ocrx_word' id='word_1_161' title='bbox 820 2579 916 2635; x_wconf 89' lang='lat' dir='ltr'><strong>autin</strong></span> <span class='ocrx_word' id='word_1_162' title='bbox 939 2596 1047 2641; x_wconf 85' lang='lat' dir='ltr'><strong>sruuem</strong></span> <span class='ocrx_word' id='word_1_163' title='bbox 1111 2574 1112 2597; x_wconf 63' lang='lat'>¹</span> 
     </span>
     <span class='ocr_line' id='line_1_23' title="bbox 150 2680 1048 2759; baseline 0 -21"><span class='ocrx_word' id='word_1_164' title='bbox 150 2680 284 2739; x_wconf 90' lang='lat' dir='ltr'><strong>Rhenum</strong></span> <span class='ocrx_word' id='word_1_165' title='bbox 299 2681 460 2758; x_wconf 86' lang='lat' dir='ltr'><strong>projiciunt.</strong></span> <span class='ocrx_word' id='word_1_166' title='bbox 502 2680 653 2758; x_wconf 85' lang='lat' dir='ltr'><strong>Septimius</strong></span> <span class='ocrx_word' id='word_1_167' title='bbox 673 2703 737 2740; x_wconf 88' lang='lat' dir='ltr'><strong>cum</strong></span> <span class='ocrx_word' id='word_1_168' title='bbox 757 2683 927 2759; x_wconf 80' lang='lat' dir='ltr'><strong>perfugisset</strong></span> <span class='ocrx_word' id='word_1_169' title='bbox 943 2682 980 2740; x_wconf 90' lang='lat' dir='ltr'><strong>ad</strong></span> <span class='ocrx_word' id='word_1_170' title='bbox 998 2681 1048 2739; x_wconf 90' lang='lat' dir='ltr'><strong>tri·</strong></span> 
     </span>
     <span class='ocr_line' id='line_1_24' title="bbox 149 2786 1048 2864; baseline 0.001 -21"><span class='ocrx_word' id='word_1_171' title='bbox 149 2787 243 2856; x_wconf 87' lang='lat' dir='ltr'><strong>bunal,</strong></span> <span class='ocrx_word' id='word_1_172' title='bbox 258 2787 431 2864; x_wconf 88' lang='lat' dir='ltr'><strong>pedibusque</strong></span> <span class='ocrx_word' id='word_1_173' title='bbox 446 2786 585 2846; x_wconf 78' lang='lat' dir='ltr'><strong>Caecinae</strong></span> <span class='ocrx_word' id='word_1_174' title='bbox 598 2786 804 2856; x_wconf 88' lang='lat' dir='ltr'><strong>advolveretur,</strong></span> <span class='ocrx_word' id='word_1_175' title='bbox 818 2807 851 2844; x_wconf 90' lang='lat' dir='ltr'><strong>eo</strong></span> <span class='ocrx_word' id='word_1_176' title='bbox 865 2807 954 2864; x_wconf 90' lang='lat' dir='ltr'><strong>usque</strong></span> <span class='ocrx_word' id='word_1_177' title='bbox 968 2787 1048 2863; x_wconf 82' lang='lat' dir='ltr'><strong>flagi-</strong></span> 
     </span>
     <span class='ocr_line' id='line_1_25' title="bbox 149 2890 1049 2951; baseline 0 -4"><span class='ocrx_word' id='word_1_178' title='bbox 149 2899 225 2947; x_wconf 91' lang='lat' dir='ltr'><strong>tatus</strong></span> <span class='ocrx_word' id='word_1_179' title='bbox 246 2899 289 2948; x_wconf 89' lang='lat' dir='ltr'><strong>est</strong></span> <span class='ocrx_word' id='word_1_180' title='bbox 309 2891 399 2949; x_wconf 88' lang='lat' dir='ltr'><strong>donec</strong></span> <span class='ocrx_word' id='word_1_181' title='bbox 412 2891 449 2949; x_wconf 91' lang='lat' dir='ltr'><strong>ad</strong></span> <span class='ocrx_word' id='word_1_182' title='bbox 462 2891 578 2949; x_wconf 85' lang='lat' dir='ltr'><strong>exitium</strong></span> <span class='ocrx_word' id='word_1_183' title='bbox 592 2890 750 2949; x_wconf 85' lang='lat' dir='ltr'><strong>dederetur.</strong></span> <span class='ocrx_word' id='word_1_184' title='bbox 791 2891 907 2951; x_wconf 87' lang='lat' dir='ltr'><strong>Cassius</strong></span> <span class='ocrx_word' id='word_1_185' title='bbox 922 2891 1049 2950; x_wconf 78' lang='lat' dir='ltr'><strong>Chaerea</strong></span> 
     </span>
     <span class='ocr_line' id='line_1_26' title="bbox 149 2986 1047 3076; baseline 0.006 -26"><span class='ocrx_word' id='word_1_186' title='bbox 149 3013 215 3050; x_wconf 83' lang='lat' dir='ltr'><strong>mox</strong></span> <span class='ocrx_word' id='word_1_187' title='bbox 229 2994 313 3053; x_wconf 89' lang='lat' dir='ltr'><strong>caede</strong></span> <span class='ocrx_word' id='word_1_188' title='bbox 328 2996 362 3055; x_wconf 87' lang='lat' dir='ltr'><strong>C.</strong></span> <span class='ocrx_word' id='word_1_189' title='bbox 372 2996 501 3055; x_wconf 88' lang='lat' dir='ltr'><strong>Caesaris</strong></span> <span class='ocrx_word' id='word_1_190' title='bbox 515 2986 680 3055; x_wconf 86' lang='lat' dir='ltr'><strong>memoriam</strong></span> <span class='ocrx_word' id='word_1_191' title='bbox 693 2997 767 3075; x_wconf 87' lang='lat' dir='ltr'><strong>apud</strong></span> <span class='ocrx_word' id='word_1_192' title='bbox 779 3005 907 3076; x_wconf 89' lang='lat' dir='ltr'><strong>posteros</strong></span> <span class='ocrx_word' id='word_1_193' title='bbox 921 2998 1047 3074; x_wconf 87' lang='lat' dir='ltr'><strong>adeptus,</strong></span> 
     </span>
     <span class='ocr_line' id='line_1_27' title="bbox 149 3096 1047 3171; baseline 0.006 -16"><span class='ocrx_word' id='word_1_194' title='bbox 149 3106 210 3155; x_wconf 90' lang='lat' dir='ltr'><strong>tum</strong></span> <span class='ocrx_word' id='word_1_195' title='bbox 233 3098 395 3158; x_wconf 88' lang='lat' dir='ltr'><strong>adolescens</strong></span> <span class='ocrx_word' id='word_1_196' title='bbox 418 3109 447 3158; x_wconf 94' lang='lat' dir='ltr'><strong>et</strong></span> <span class='ocrx_word' id='word_1_197' title='bbox 470 3101 556 3158; x_wconf 90' lang='lat' dir='ltr'><strong>animi</strong></span> <span class='ocrx_word' id='word_1_198' title='bbox 580 3101 669 3171; x_wconf 84' lang='lat' dir='ltr'><strong>ferox,</strong></span> <span class='ocrx_word' id='word_1_199' title='bbox 690 3096 764 3159; x_wconf 84' lang='lat' dir='ltr'><strong>iuter</strong></span> <span class='ocrx_word' id='word_1_200' title='bbox 786 3103 929 3161; x_wconf 88' lang='lat' dir='ltr'><strong>obstantes</strong></span> <span class='ocrx_word' id='word_1_201' title='bbox 950 3110 979 3160; x_wconf 92' lang='lat' dir='ltr'><strong>et</strong></span> <span class='ocrx_word' id='word_1_202' title='bbox 1001 3120 1047 3159; x_wconf 84' lang='lat' dir='ltr'><strong>ar·</strong></span> 
     </span>
     <span class='ocr_line' id='line_1_28' title="bbox 149 3204 1048 3283; baseline 0.004 -22"><span class='ocrx_word' id='word_1_203' title='bbox 149 3211 240 3261; x_wconf 88' lang='lat' dir='ltr'><strong>matos</strong></span> <span class='ocrx_word' id='word_1_204' title='bbox 263 3204 340 3261; x_wconf 87' lang='lat' dir='ltr'><strong>ferro</strong></span> <span class='ocrx_word' id='word_1_205' title='bbox 363 3205 438 3263; x_wconf 88' lang='lat' dir='ltr'><strong>viam</strong></span> <span class='ocrx_word' id='word_1_206' title='bbox 460 3205 602 3283; x_wconf 86' lang='lat' dir='ltr'><strong>patefecit.</strong></span> <span class='ocrx_word' id='word_1_207' title='bbox 651 3206 718 3265; x_wconf 90' lang='lat' dir='ltr'><strong>Non</strong></span> <span class='ocrx_word' id='word_1_208' title='bbox 738 3207 867 3264; x_wconf 79' lang='lat' dir='ltr'><strong>tribunus</strong></span> <span class='ocrx_word' id='word_1_209' title='bbox 888 3207 970 3276; x_wconf 89' lang='lat' dir='ltr'><strong>ultra,</strong></span> <span class='ocrx_word' id='word_1_210' title='bbox 989 3226 1048 3266; x_wconf 88' lang='lat' dir='ltr'><strong>non</strong></span> 
     </span>
     <span class='ocr_line' id='line_1_29' title="bbox 151 3310 1047 3389; baseline 0.004 -20"><span class='ocrx_word' id='word_1_211' title='bbox 151 3316 307 3369; x_wconf 76' lang='lat' dir='ltr'><strong>castrorum</strong></span> <span class='ocrx_word' id='word_1_212' title='bbox 320 3310 477 3386; x_wconf 83' lang='lat' dir='ltr'><strong>praefectus</strong></span> <span class='ocrx_word' id='word_1_213' title='bbox 492 3311 541 3387; x_wconf 91' lang='lat' dir='ltr'><strong>jus</strong></span> <span class='ocrx_word' id='word_1_214' title='bbox 560 3312 699 3371; x_wconf 83' lang='lat' dir='ltr'><strong>obtinuit:</strong></span> <span class='ocrx_word' id='word_1_215' title='bbox 718 3312 839 3389; x_wconf 85' lang='lat' dir='ltr'><strong>vigilias,</strong></span> <span class='ocrx_word' id='word_1_216' title='bbox 858 3312 998 3380; x_wconf 87' lang='lat' dir='ltr'><strong>stationes,</strong></span> <span class='ocrx_word' id='word_1_217' title='bbox 1018 3318 1047 3373; x_wconf 80' lang='lat' dir='ltr'><strong>et</strong></span> 
     </span>
    </p>

    <p class='ocr_par' dir='ltr' id='par_1_7' title="bbox 150 3396 1046 3604">
     <span class='ocr_line' id='line_1_30' title="bbox 150 3396 1046 3497; baseline 0.004 -26"><span class='ocrx_word' id='word_1_218' title='bbox 150 3415 174 3472; x_wconf 91' lang='lat' dir='ltr'><strong>si</strong></span> <span class='ocrx_word' id='word_1_219' title='bbox 197 3435 254 3492; x_wconf 91' lang='lat' dir='ltr'><strong>qua</strong></span> <span class='ocrx_word' id='word_1_220' title='bbox 276 3396 331 3472; x_wconf 85' lang='lat' dir='ltr'><strong>alia</strong></span> <span class='ocrx_word' id='word_1_221' title='bbox 354 3434 485 3492; x_wconf 89' lang='lat' dir='ltr'><strong>praesens</strong></span> <span class='ocrx_word' id='word_1_222' title='bbox 509 3437 577 3475; x_wconf 91' lang='lat' dir='ltr'><strong>usus</strong></span> <span class='ocrx_word' id='word_1_223' title='bbox 601 3416 747 3488; x_wconf 83' lang='lat' dir='ltr'><strong>indixerat,</strong></span> <span class='ocrx_word' id='word_1_224' title='bbox 768 3419 822 3497; x_wconf 92' lang='lat' dir='ltr'><strong>ipsi</strong></span> <span class='ocrx_word' id='word_1_225' title='bbox 846 3419 1046 3496; x_wconf 89' lang='lat' dir='ltr'><strong>partiebantur.</strong></span> 
     </span>
     <span class='ocr_line' id='line_1_31' title="bbox 150 3519 1046 3604; baseline 0.002 -26"><span class='ocrx_word' id='word_1_226' title='bbox 150 3519 194 3592; x_wconf 89' lang='lat' dir='ltr'><strong>ld,</strong></span> <span class='ocrx_word' id='word_1_227' title='bbox 218 3522 352 3581; x_wconf 85' lang='lat' dir='ltr'><strong>militares</strong></span> <span class='ocrx_word' id='word_1_228' title='bbox 376 3522 483 3581; x_wconf 89' lang='lat' dir='ltr'><strong>animos</strong></span> <span class='ocrx_word' id='word_1_229' title='bbox 507 3523 591 3581; x_wconf 88' lang='lat' dir='ltr'><strong>altius</strong></span> <span class='ocrx_word' id='word_1_230' title='bbox 614 3525 845 3602; x_wconf 86' lang='lat' dir='ltr'><strong>conjectantibus,</strong></span> <span class='ocrx_word' id='word_1_231' title='bbox 867 3524 1046 3604; x_wconf 88' lang='lat' dir='ltr'><strong>praecipuum</strong></span> 
     </span>
    </p>
   </div>
   <div class='ocr_carea' id='block_1_5' title="bbox 0 0 1126 3992">
    <p class='ocr_par' dir='ltr' id='par_1_8' title="bbox 0 0 1126 3992">
     <span class='ocr_line' id='line_1_32' title="bbox 0 0 1126 3992; baseline 0 1"><span class='ocrx_word' id='word_1_232' title='bbox 0 0 1126 3992; x_wconf 95' lang='lat' dir='ltr'><strong> </strong></span> 
     </span>
    </p>
   </div>
  </div>
 </body>
</html>
