2242 3992
439 376 616 424 scmcona
931 365 968 419 41

88 524 175 592 ‘gentes
196 490 249 593 pro
267 512 349 572 nobis
369 513 473 584 utilius,
493 533 580 592 quam
599 515 675 592 qnod
694 515 724 572 in
747 531 895 572 commune
913 531 971 570 uon
992 516 999 531 '

87 608 235 679 consulunt.
275 620 369 678 Rarus
390 620 499 678 duabus
516 622 662 698 tribusque
680 621 839 679 civitatibus
854 619 891 677 ad
908 639 973 697 pro·.

83 725 243 804 pulsandum
267 745 414 784 commune
439 726 596 804 periculum
623 735 796 784 conventus:
824 727 872 794 ita,
904 726 978 783 dum⁴

86 832 178 910 singuli
197 840 332 909 pugnent,
353 832 478 889 universi
503 833 666 889 vincuntur.
716 831 835 891 Caelum
865 833 970 888 crebris

85 938 209 994 imbribus
229 956 264 995 ac
282 937 393 994 nebulis
411 936 544 1004 foedum;
568 938 702 1014 asperitas
722 937 861 1013 frigorum
880 937 970 993 abest.

86 1041 195 1100 Diernm
211 1044 302 1121 spatia
313 1043 388 1100 ultra
400 1044 491 1100 nostri
503 1043 579 1099 orbis
591 1060 765 1111 mensuram
774 1052 803 1099 et
820 1062 876 1100 nox
894 1043 969 1100 clara

19 1146 21 1183 5
85 1156 111 1204 et
134 1158 259 1205 extrema
284 1146 448 1205 Britanniae
472 1156 552 1225 parte
583 1148 686 1217 brevis,
712 1156 745 1204 ut
771 1148 857 1204 finem
883 1157 968 1224 atque

19 1290 21 1313 J
84 1253 182 1310 initium
205 1252 278 1310 lucis
299 1253 402 1328 exiguo
423 1251 582 1309 discrimine
605 1253 789 1310 intemoscas.
838 1253 969 1324 Quodsi

19 1342 21 1441 p
86 1359 159 1417 ouda
179 1379 237 1416 noa
260 1358 395 1437 adficiunt,
416 1360 525 1435 adcpici
538 1379 596 1435 per
614 1369 719 1417 noctem
738 1359 803 1417 solis
813 1358 967 1435 faborem,

19 1450 21 1525 l
84 1482 126 1520 asc
135 1465 252 1521 ooeidsre
263 1473 292 1522 et
302 1482 454 1539 excerpere,
468 1464 517 1521 sed
527 1466 649 1522 transire
661 1463 818 1522 adfirmant
854 1463 966 1522 Scilicet

19 1540 21 1597 l
81 1573 195 1623 extrema
220 1574 250 1623 et
270 1565 356 1642 plana
376 1574 517 1624 terrarum
535 1565 635 1623 humili
654 1567 755 1625 umbra
774 1586 832 1624 non
853 1567 965 1642 erigunt

19 1668 20 1723 i
83 1672 209 1741 tenebras,
227 1671 357 1748 infraque
376 1671 485 1729 caelum
501 1680 529 1728 et
548 1671 640 1729 sidera
656 1691 713 1729 nox
734 1673 818 1729 cadit.
858 1671 964 1739 Solum,

19 1772 20 1775 '
84 1785 180 1851 praeter
196 1777 287 1834 oleam
304 1777 446 1853 vitemque
464 1784 493 1833 et
505 1784 599 1847 cetera
612 1776 789 1834 mlidioribus
801 1777 885 1834 terris
898 1777 965 1834 oriri

84 1889 160 1949 sueta,
172 1882 283 1959 patiens
299 1881 423 1958 frugum,
441 1880 611 1939 fecundum:
630 1881 710 1938 tarde
729 1882 888 1949 mitescunt,
909 1883 966 1939 cito

83 1988 258 2063 proveniunt:
285 1987 383 2044 eadem
405 1987 551 2063 utriusque
571 1987 613 2043 rei
631 2005 723 2055 causa,
739 1986 846 2043 multus
863 1985 966 2042 humor

81 2078 208 2149 terrarum
224 2092 360 2168 caelique.
399 2090 467 2148 Fert
485 2069 632 2149 Britannia
651 2110 751 2148 aurum
771 2099 800 2148 et
816 2098 964 2166 argentum

81 2203 106 2251 et
123 2195 176 2255 alia
197 2196 322 2266 metalla,
347 2197 469 2273 pretium
491 2197 644 2254 victoriae:
673 2195 764 2272 gignit
790 2205 829 2260 et,
842 2214 962 2253 oceanus

19 2354 20 2387 ζ
80 2304 228 2378 margarita,
249 2301 301 2359 sed
327 2301 461 2358 subfusca
485 2309 514 2357 et
539 2300 664 2357 liventia.
724 2298 848 2363 Quidam
873 2309 964 2357 artem

19 2476 20 2481 ἵ
78 2404 167 2465 abesse
185 2407 344 2483 legentibus
364 2406 553 2463 arbitrantur:
574 2424 640 2462 nam
659 2405 688 2461 in
709 2405 795 2461 rubro
814 2407 886 2462 mari
899 2407 963 2463 vira

78 2527 106 2566 ac
118 2512 248 2588 spirantia
261 2512 335 2568 saxis
348 2510 462 2578 avelli,
454 2529 484 2566 ιιι
497 2509 653 2578 Britannia,
666 2517 750 2586 prout
767 2510 883 2588 expulsa
896 2513 960 2579 sint,

19 2818 21 2855 Ι

19 2882 21 2911 ι

76 2615 188 2693 conligi.
218 2636 285 2692 ego
308 2614 418 2672 facilius
451 2611 617 2670 crediderim
647 2621 777 2671 natnmam
802 2616 961 2691 margaritis

75 2718 164 2779 deesse
176 2740 263 2799 quam
275 2721 355 2778 nobis
369 2719 524 2776 avaritiam.

19 2864 20 2877 t
109 2822 191 2882 XIII.
232 2823 293 2901 Ipsi
309 2823 437 2880 Britanni
456 2822 595 2880 delectum
612 2841 645 2878 ac
663 2823 768 2881 tributa
787 2831 816 2881 et
835 2823 960 2900 injuncta

19 2914 20 2929 ¹
75 2925 175 3005 imperii
191 2948 311 2986 munera
327 2929 438 3006 inpigre
454 2930 559 2987 obeunt
577 2928 602 2984 si
628 2928 746 3003 injuriae
770 2929 880 2987 absint:
907 2931 958 2989 has

19 3026 22 3035 ’
75 3049 150 3109 aegre
167 3034 297 3103 tolerant,
318 3034 380 3110 jam
395 3032 493 3090 domiti
510 3042 542 3089 ut
559 3040 685 3109 pareant,
703 3032 828 3090 nondum
848 3045 881 3093 ut
901 3057 959 3094 ser·

19 3178 20 3187 r
74 3137 152 3196 dant.
191 3139 284 3216 Igitur
295 3140 402 3216 primus
415 3137 540 3196 omnium
554 3137 748 3195 Romanorum
766 3138 847 3197 divus
865 3141 959 3201 Julius

19 3256 21 3287 ¹
75 3257 132 3300 cum
148 3244 273 3300 exercitu
284 3241 459 3298 Britanniam
476 3241 629 3317 ingressus,
643 3258 812 3317 quamquam
830 3262 962 3322 prospera

77 3363 164 3424 pugna
174 3349 305 3409 terruerit
318 3345 433 3413 incolas,
447 3364 481 3402 ac
492 3343 575 3401 litore
588 3344 693 3420 potitus
707 3344 753 3413 sit,
765 3354 858 3422 potest
870 3349 959 3405 videri

76 3454 221 3512 ostendisse
234 3453 362 3532 posteris,
375 3469 433 3508 non
446 3449 604 3507 tradidisse.
643 3448 716 3507 Mox
728 3450 804 3508 bella
816 3452 916 3521 civilia,
930 3463 960 3509 et

77 3552 103 3611 in
121 3560 316 3638 rempublicam
328 3576 412 3619 versa
430 3556 589 3645 priscipum
608 3572 696 3623 arma,
710 3573 743 3610 ac
756 3554 841 3629 longa
854 3555 957 3613 oblivio

777 3675 795 3712 n
816 3659 835 3712 3
