2242 3992
110 316 149 373 90
483 331 630 374 suerrus.

100 473 256 550 praeferri,
270 481 303 529 ot
314 471 348 528 r'd
357 470 453 529 solnm
466 471 632 530 discerneret
643 469 778 528 codem:
799 467 880 527 tarde
899 467 1024 526 obtem·
1116 488 1117 493 ¹

107 597 250 657 peravere.
292 577 373 635 Tunc
394 598 414 636 o
435 579 609 637 recoctione
626 572 750 652 Anpnstr'
770 593 850 631 orsus
868 573 955 631 flexit
982 573 1024 631 ad
1116 560 1117 633 ἶ

107 684 236 741 victorias
249 683 454 758 triumphosque
472 682 589 752 Tiberii,
607 679 763 758 praecipuis
780 679 912 736 laudibus
938 678 1022 736 cele·

106 789 192 846 brans
206 808 277 864 quoe
290 789 370 864 epod
385 788 556 846 Germanias
574 785 631 843 illis
648 805 713 842 com
732 784 883 860 lepionibnc
893 782 1022 859 pulcer-

103 895 311 969 rimoseciseet.
352 892 455 951 Itolioe
474 891 540 948 inde
558 910 729 959 consensum,
748 889 911 948 Galliarum
916 890 1020 967 fidem

109 998 233 1066 extollit3
253 999 297 1058 ott
309 1019 429 1075 torquem
442 997 585 1056 turbidum
599 1007 650 1055 out
660 998 772 1054 discors.

150 1104 275 1162 XXXV.
318 1103 434 1162 Silentio
457 1102 527 1160 haee
550 1102 597 1160 vel
617 1106 761 1161 murmure
783 1101 894 1159 modico
913 1099 1022 1158 audita

111 1216 185 1267 sunt.
227 1208 270 1268 Ut
283 1208 448 1266 seditionem
461 1207 570 1284 adtigit,
583 1208 632 1265 ott
649 1209 781 1266 modestia
800 1207 947 1274 militarie,
968 1205 1022 1263 oti

108 1317 208 1374 ceteris
226 1315 392 1391 disceptione
411 1316 501 1383 decere
519 1334 643 1390 quonam
663 1314 794 1382 orbem,
808 1333 861 1389 qno
871 1312 1021 1369 centurie-

112 1440 162 1478 nes
181 1422 336 1496 erepissent,
357 1419 493 1496 rogitans,
512 1418 621 1476 nudant
640 1417 766 1475 universi
790 1434 917 1493 corpora,
939 1415 1022 1472 cica-

112 1527 192 1583 trices
213 1545 246 1583 ec
265 1524 435 1594 ottonibus,
455 1526 601 1584 cerberum
624 1534 703 1582 notos
725 1522 912 1600 exprobrant3
946 1540 1020 1578 mox

112 1631 269 1688 indiscretis
282 1631 397 1687 vocibus
405 1632 501 1705 pretio
514 1632 700 1696 vocationum,
711 1630 856 1706 noqueunt
868 1627 1020 1702 stipendii,

113 1737 250 1794 duritiem
264 1756 387 1812 operum,
399 1754 431 1792 ec
444 1735 565 1813 propriis
578 1733 738 1791 nominibus
752 1733 882 1789 incusant
894 1730 1019 1799 rollum,

103 1842 210 1916 fissos,
218 1840 321 1918 pabuli
334 1842 468 1898 materiae
480 1839 622 1916 degenerem
640 1840 775 1915 aripertus,
789 1845 818 1894 et
837 1836 860 1892 si
881 1855 938 1912 qun
960 1835 1020 1893 alia

114 1966 148 2003 ex
163 1948 329 2004 necessitate
342 1955 391 2004 ant
404 1946 539 2004 adversus
553 1945 641 2001 otium
662 1951 818 2001 castrorum
831 1948 1020 2019 quaerimtur.

114 2052 317 2110 Atrocissimus
331 2061 528 2110 veteranorum
542 2050 648 2108 clamor
662 2049 822 2116 oriebatur;
842 2047 890 2124 qui
905 2047 1019 2105 tricena

113 2162 162 2211 aut
184 2173 268 2231 supra
292 2153 429 2230 stipendia
449 2161 639 2221 numerantes,
663 2154 820 2211 mederetur
833 2154 932 2228 fessos,
957 2173 1018 2211 nee

115 2270 229 2317 mortem
243 2262 275 2316 io
289 2261 387 2317 iisdem
400 2259 544 2329 laboribus,
559 2260 608 2318 sed
615 2262 709 2336 finem
722 2269 781 2318 tom
793 2260 925 2316 exercitae
938 2258 1019 2315 mdi-

114 2365 285 2438 ticenoque
307 2365 417 2440 inopem
437 2367 572 2440 requiem,
583 2365 711 2422 orabant.
752 2364 843 2422 Fuere
861 2364 945 2420 etiam
967 2364 1019 2440 qui

116 2467 239 2543 legatam
252 2487 269 2524 a
282 2467 347 2524 divo
363 2468 494 2545 Augusto
508 2469 656 2545 pecuniam
670 2478 857 2546 reposcerent,
870 2469 974 2526 faustis
988 2469 1019 2525 in

120 2570 321 2630 Germanicum
334 2573 490 2642 ominibus;
510 2583 547 2643 et,
562 2576 587 2633 si
601 2576 687 2633 veliet
701 2576 857 2653 imperium,
871 2584 1019 2652 promptos

119 2686 304 2735 ostentavere.
346 2678 421 2736 Tum
442 2698 519 2749 vero,
537 2681 618 2758 quasi
641 2680 746 2737 scelere
770 2680 1018 2747 contaminaretur,

120 2802 252 2860 praeceps
272 2784 405 2842 tribunali
425 2784 556 2843 desiluitz
586 2786 777 2863 obposuerunt
797 2785 910 2842 abeunti
931 2803 1019 2851 orma,
1116 2788 1117 2849 ζ

119 2889 289 2959 minitantes,
306 2890 336 2947 ni
354 2892 558 2968 regrederetur.
609 2892 651 2949 At
670 2891 727 2960 ilie,
746 2894 915 2950 moriturum
922 2893 1021 2967 potios

120 2995 302 3070 qoomfideor
315 3006 430 3063 erueret,
445 2994 600 3066 clamitans,
618 2996 726 3053 ferrum
744 3017 762 3054 a
780 2997 868 3055 latere
886 2996 1018 3073 deripuit,
1116 3020 1117 3037 ¹

121 3095 281 3173 elatumque
302 3098 445 3158 deferebat
459 3102 488 3159 in
501 3111 609 3180 peetus,
624 3103 654 3158 ni
667 3103 787 3179 proximi
802 3084 933 3181 prensam
951 3102 1019 3159 dex·
1116 3088 1117 3097 ἵ

122 3208 195 3258 tram
206 3201 235 3257 vi
246 3202 438 3262 adtinuissent.
467 3205 603 3264 Extrema
612 3214 640 3264 et
651 3207 816 3282 conglobata
825 3208 899 3264 inter
912 3225 943 3263 se
953 3225 1018 3284 pars
1116 3218 1117 3225 ’

124 3305 270 3376 contionis,
284 3327 318 3364 ao
331 3309 378 3365 vix
398 3309 530 3367 credibile
550 3310 635 3382 dictu,
650 3311 764 3388 quidam
788 3312 891 3389 singoli
904 3312 1018 3389 propius

123 3410 285 3468 incedentes
297 3414 404 3486 feriret
424 3414 628 3485 hortabantur;
647 3425 676 3474 et
696 3417 778 3474 miles
797 3417 911 3474 nomine
934 3416 1020 3476 Calu-

125 3514 212 3572 sidius
236 3516 364 3575 strictum
388 3517 489 3576 obtulit
511 3520 646 3595 gladium,
667 3520 761 3579 addito
785 3524 936 3581 acutiorem
955 3541 1019 3580 esse.
