2242 3992
342 386 520 429 arsamum
541 387 639 427 nisan
659 386 682 427 1.
921 367 957 424 91

22 592 24 605 ‚
87 522 352 602 Saevumidmalique
365 526 452 583 moris
466 525 551 583 etiam
559 525 718 582 furentibus
729 523 840 591 visum3
853 542 886 580 ac
895 542 960 599 spa.

84 628 203 700 tiumfuit,
214 650 271 708 qno
281 630 387 690 Caesar
397 631 432 688 ab
442 628 797 689 amicisintabemaculum
807 637 960 705 raperetur.

114 733 244 792 XXXVI.
286 734 484 793 Consultatum
501 735 541 791 ibi
554 734 590 791 de
603 733 870 845 remediozNetenim
888 752 961 790 nun·

22 844 24 907 3
84 838 184 897 tiabatrrr
191 843 300 917 parari
311 840 411 918 legatos
425 842 476 917 qui
487 843 660 917 superiorem
672 841 820 901 exoratum
838 842 879 897 od
893 859 962 896 coa·

22 950 24 983 ³
61 928 132 1002 'mm
155 947 269 1003 eandem
295 947 434 1004 trohmm
445 965 460 1010 ,¹
496 948 665 1027 destinatam
691 947 795 1004 excidio
817 934 962 1003 ‘utinum

85 1049 230 1123 oppidum
262 1049 427 1127 intumque
451 1052 564 1128 praedo
591 1071 695 1109 monas
720 1053 753 1109 ia
780 1036 962 1127 direphonem

88 1152 230 1212 Gollroram
246 1165 405 1231 eruptwos.
446 1156 579 1232 Augebat
601 1164 709 1213 motum
732 1176 837 1234 gnarus
856 1154 962 1212 Roma·

22 1284 23 1307 r
85 1275 126 1315 nae
141 1259 290 1329 seditionis,
311 1269 348 1329 et,
365 1261 391 1318 si
407 1260 583 1318 omitteretur
604 1261 674 1337 ripa,
688 1261 835 1318 invasurus
853 1260 960 1328 hostis;

85 1372 114 1433 a,
137 1366 158 1422 si
183 1366 288 1424 similia
314 1374 343 1424 et
370 1368 438 1424 socii
457 1365 608 1425 adversum
635 1366 810 1424 abscedentis
836 1366 961 1443 legiones

85 1480 250 1540 armarentur,
286 1470 367 1528 civile
395 1470 501 1538 bellum
528 1471 651 1548 suscipi:
694 1472 851 1549 periculosa
884 1491 962 1529 seve·

22 1648 23 1651 Ἴ
85 1573 146 1644 ritas,
172 1576 312 1653 flagitiosa
334 1575 464 1652 largiti03
504 1594 552 1632 seu
580 1575 652 1632 nihil
674 1576 757 1633 militi
784 1577 843 1633 sive
870 1576 963 1634 omnia

86 1678 294 1747 concederentur,
312 1679 343 1734 in
364 1680 479 1757 ancipiti
499 1700 544 1738 res
562 1681 682 1758 publiea.
723 1681 814 1758 Igitur
830 1682 963 1740 volutatis

84 1778 144 1838 inter
165 1803 193 1840 se
214 1785 379 1854 rationibus,
399 1785 534 1862 plaoitum
551 1795 584 1844 ut
601 1786 734 1864 epistolae
754 1787 866 1844 nomine
886 1788 963 1863 prin·

84 1886 140 1963 cipis
154 1891 359 1949 scriberentnrr
380 1892 540 1950 missionem
554 1893 621 1949 dori
634 1893 731 1950 vicena
748 1893 888 1968 stipendio
906 1912 964 1950 me·

22 1980 23 1983 ¹
82 1992 153 2058 raim
173 1996 348 2054 marmori
360 1996 411 2071 qui
423 1996 564 2053 resedent
569 1997 714 2070 fecissent,
728 2016 762 2053 oo
778 1997 895 2053 retineri
914 1997 963 2054 aab

83 2099 172 2169 ouillo,
192 2110 343 2159 amarorum
362 2102 502 2171 inmunes,
524 2102 584 2159 nisi
596 2101 786 2177 propulsandi
803 2103 904 2160 hostia:
925 2102 964 2159 l·

22 2200 23 2273 s
81 2212 138 2276 pou
148 2225 217 2281 qaae
224 2207 392 2282 petiverant,
407 2205 508 2264 exsolui
520 2205 725 2283 duplicarique.

22 2340 23 2379 5
116 2307 266 2369 XXXVII.
308 2310 402 2369 Sensit
414 2310 495 2368 miles
509 2312 662 2389 intempus
676 2313 803 2383 conficta,
817 2315 966 2392 statimque

22 2398 23 2493 i
83 2414 214 2494 flagitavit.
256 2419 359 2479 Missio
368 2440 420 2497 per
432 2420 559 2477 tribunos
574 2427 747 2478 maturatur:
767 2409 878 2497 largitio
889 2420 967 2478 diffe-

82 2523 183 2583 rebatur
202 2527 232 2583 in
251 2524 370 2583 hiberna
388 2526 533 2602 cujusque.
574 2524 641 2582 Non
661 2526 821 2583 abscessere
840 2527 967 2603 quintani

81 2632 380 2709 unaetvioesimanique,
394 2632 483 2689 donec
496 2630 596 2689 iisdem
609 2633 638 2689 in
651 2633 764 2690 aestivis
778 2640 920 2690 eontracta
932 2652 967 2689 ex

22 2776 23 2819 p
81 2735 171 2798 viatico
184 2740 339 2797 amicorum
356 2740 498 2816 ipsiusque
514 2739 643 2799 Caesaris
661 2740 779 2816 pecunia
795 2737 968 2816 persolvere·

22 2858 23 2897 r
79 2846 128 2899 tur.
166 2844 292 2903 Primam
305 2864 338 2902 ao
351 2844 512 2902 vicesimam
530 2845 655 2921 legiones
671 2845 793 2902 Caecina
809 2843 917 2919 legatus
938 2842 967 2901 in

22 3144 24 3195 l

80 2944 212 3006 oritatem
232 2949 373 3009 Ubiorum
392 2949 511 3018 reduxit,
535 2951 611 3027 turpi
635 2950 754 3025 agmine,
769 2969 832 3006 oum
852 2949 913 3007 fisci
933 2950 968 3007 de

78 3047 239 3129 imperatore
252 3056 326 3133 rapti
338 3055 412 3113 inter
426 3057 507 3132 signa
520 3056 649 3133 interque
669 3055 777 3132 aquilas
789 3055 969 3114 veherentur.

78 3155 258 3220 Germanicus
276 3162 448 3239 superiorem
468 3163 504 3220 ad
522 3164 675 3221 exercitum
694 3163 846 3241 profectus
870 3184 969 3222 seeun-

77 3259 138 3321 dum
150 3276 178 3324 et
191 3267 449 3325 tertiumdeoumam
463 3276 491 3325 et
504 3268 757 3326 sextamdeoumam
764 3267 889 3344 legiones
899 3269 970 3326 nihil

22 3426 24 3435 .
76 3380 215 3431 amenus
240 3381 413 3431 sacramento
435 3373 532 3450 adigit.
583 3374 837 3438 Quartadeoumani
854 3372 969 3449 paulum

22 3668 23 3673 ,
30 3664 34 3673 ι

77 3469 286 3548 dubitaverant3
305 3479 423 3558 peormia
441 3486 470 3537 et
486 3480 583 3537 missio
600 3480 727 3560 quamvis
744 3498 802 3536 non
820 3476 969 3552 flagitanti-

79 3573 130 3634 bus
145 3581 236 3641 oblata
249 3591 301 3643 est.
