<?xml version="1.0" encoding="UTF-8"?>
<!DOCTYPE html PUBLIC "-//W3C//DTD XHTML 1.0 Transitional//EN"
    "http://www.w3.org/TR/xhtml1/DTD/xhtml1-transitional.dtd">
<html xmlns="http://www.w3.org/1999/xhtml" xml:lang="en" lang="en">
 <head>
  <title>
</title>
<meta http-equiv="Content-Type" content="text/html;charset=utf-8" />
  <meta name='ocr-system' content='tesseract 3.04.00' />
  <meta name='ocr-capabilities' content='ocr_page ocr_carea ocr_par ocr_line ocrx_word'/>
</head>
<body>
  <div class='ocr_page' id='page_1' title='image "./germaniaagricol00btgoog_0094.png"; bbox 0 0 2242 3992; ppageno 0'>
   <div class='ocr_carea' id='block_1_1' title="bbox 151 327 679 395">
    <p class='ocr_par' dir='ltr' id='par_1_1' title="bbox 151 327 679 395">
     <span class='ocr_line' id='line_1_1' title="bbox 151 327 679 395; baseline 0.021 -11"><span class='ocrx_word' id='word_1_1' title='bbox 151 327 188 385; x_wconf 88' lang='lat'>10</span> <span class='ocrx_word' id='word_1_2' title='bbox 533 352 679 395; x_wconf 74' lang='lat' dir='ltr'>suemus.</span> 
     </span>
    </p>
   </div>
   <div class='ocr_carea' id='block_1_2' title="bbox 58 481 1045 1204">
    <p class='ocr_par' dir='ltr' id='par_1_2' title="bbox 147 481 1042 661">
     <span class='ocr_line' id='line_1_2' title="bbox 148 481 1042 568; baseline 0.021 -30"><span class='ocrx_word' id='word_1_3' title='bbox 148 481 277 540; x_wconf 90' lang='lat' dir='ltr'>reddunt.</span> <span class='ocrx_word' id='word_1_4' title='bbox 318 484 437 543; x_wconf 88' lang='lat' dir='ltr'>Centeni</span> <span class='ocrx_word' id='word_1_5' title='bbox 454 487 571 565; x_wconf 91' lang='lat' dir='ltr'>singulis</span> <span class='ocrx_word' id='word_1_6' title='bbox 590 510 627 553; x_wconf 53' lang='lat' dir='ltr'>,ex</span> <span class='ocrx_word' id='word_1_7' title='bbox 646 491 727 568; x_wconf 83' lang='lat' dir='ltr'>plebe</span> <span class='ocrx_word' id='word_1_8' title='bbox 747 488 870 565; x_wconf 77' lang='lat' dir='ltr'><strong>comites,</strong></span> <span class='ocrx_word' id='word_1_9' title='bbox 892 498 1042 557; x_wconf 88' lang='lat' dir='ltr'>consilium</span> 
     </span>
     <span class='ocr_line' id='line_1_3' title="bbox 147 588 569 661; baseline 0.017 -15"><span class='ocrx_word' id='word_1_10' title='bbox 147 588 230 647; x_wconf 89' lang='lat' dir='ltr'>simul</span> <span class='ocrx_word' id='word_1_11' title='bbox 244 599 273 647; x_wconf 90' lang='lat' dir='ltr'>et</span> <span class='ocrx_word' id='word_1_12' title='bbox 285 592 443 661; x_wconf 81' lang='lat' dir='ltr'>auctoritas,</span> <span class='ocrx_word' id='word_1_13' title='bbox 458 594 569 653; x_wconf 81' lang='lat' dir='ltr'><strong>adsunt.</strong></span> 
     </span>
    </p>

    <p class='ocr_par' dir='ltr' id='par_1_3' title="bbox 58 694 1045 1204">
     <span class='ocr_line' id='line_1_4' title="bbox 188 694 1042 787; baseline 0.021 -36"><span class='ocrx_word' id='word_1_14' title='bbox 188 694 272 754; x_wconf 92' lang='lat' dir='ltr'><strong>XIII.</strong></span> <span class='ocrx_word' id='word_1_15' title='bbox 317 696 397 755; x_wconf 92' lang='lat' dir='ltr'>Nihil</span> <span class='ocrx_word' id='word_1_16' title='bbox 421 708 514 758; x_wconf 89' lang='lat' dir='ltr'>autem</span> <span class='ocrx_word' id='word_1_17' title='bbox 538 722 629 780; x_wconf 90' lang='lat' dir='ltr'>neque</span> <span class='ocrx_word' id='word_1_18' title='bbox 652 706 780 783; x_wconf 87' lang='lat' dir='ltr'>publicae</span> <span class='ocrx_word' id='word_1_19' title='bbox 800 727 891 786; x_wconf 89' lang='lat' dir='ltr'>neque</span> <span class='ocrx_word' id='word_1_20' title='bbox 914 710 1042 787; x_wconf 80' lang='lat' dir='ltr'>privatae</span> 
     </span>
     <span class='ocr_line' id='line_1_5' title="bbox 147 801 1042 882; baseline 0.017 -25"><span class='ocrx_word' id='word_1_21' title='bbox 147 801 196 869; x_wconf 88' lang='lat' dir='ltr'>rei,</span> <span class='ocrx_word' id='word_1_22' title='bbox 210 802 265 858; x_wconf 91' lang='lat' dir='ltr'>nisi</span> <span class='ocrx_word' id='word_1_23' title='bbox 277 804 376 861; x_wconf 89' lang='lat' dir='ltr'>armati</span> <span class='ocrx_word' id='word_1_24' title='bbox 397 815 492 882; x_wconf 78' lang='lat' dir='ltr'>agrmt.</span> <span class='ocrx_word' id='word_1_25' title='bbox 534 807 591 867; x_wconf 89' lang='lat' dir='ltr'>Sed</span> <span class='ocrx_word' id='word_1_26' title='bbox 611 830 689 868; x_wconf 87' lang='lat' dir='ltr'>arma</span> <span class='ocrx_word' id='word_1_27' title='bbox 705 831 814 869; x_wconf 89' lang='lat' dir='ltr'>sumere</span> <span class='ocrx_word' id='word_1_28' title='bbox 832 832 889 870; x_wconf 91' lang='lat' dir='ltr'>non</span> <span class='ocrx_word' id='word_1_29' title='bbox 903 822 968 871; x_wconf 87' lang='lat' dir='ltr'>ante</span> <span class='ocrx_word' id='word_1_30' title='bbox 982 816 1042 871; x_wconf 90' lang='lat' dir='ltr'>cui·</span> 
     </span>
     <span class='ocr_line' id='line_1_6' title="bbox 58 910 1044 994; baseline 0.016 -33"><span class='ocrx_word' id='word_1_31' title='bbox 58 974 61 979; x_wconf 17' lang='lat'><em>⁴</em></span> <span class='ocrx_word' id='word_1_32' title='bbox 148 926 233 984; x_wconf 88' lang='lat' dir='ltr'>quam</span> <span class='ocrx_word' id='word_1_33' title='bbox 245 910 331 966; x_wconf 88' lang='lat' dir='ltr'>moris</span> <span class='ocrx_word' id='word_1_34' title='bbox 345 930 429 987; x_wconf 91' lang='lat' dir='ltr'>quam</span> <span class='ocrx_word' id='word_1_35' title='bbox 442 912 539 971; x_wconf 88' lang='lat' dir='ltr'>civitas</span> <span class='ocrx_word' id='word_1_36' title='bbox 554 916 734 974; x_wconf 83' lang='lat' dir='ltr'>suffecturum</span> <span class='ocrx_word' id='word_1_37' title='bbox 746 919 914 994; x_wconf 88' lang='lat' dir='ltr'>probaverit.</span> <span class='ocrx_word' id='word_1_38' title='bbox 965 919 1044 976; x_wconf 92' lang='lat' dir='ltr'>Tum</span> 
     </span>
     <span class='ocr_line' id='line_1_7' title="bbox 146 1013 1044 1100; baseline 0.014 -32"><span class='ocrx_word' id='word_1_39' title='bbox 146 1013 249 1090; x_wconf 91' lang='lat' dir='ltr'>inipso</span> <span class='ocrx_word' id='word_1_40' title='bbox 263 1015 438 1072; x_wconf 89' lang='lat' dir='ltr'>consiliovel</span> <span class='ocrx_word' id='word_1_41' title='bbox 456 1017 612 1095; x_wconf 87' lang='lat' dir='ltr'>principum</span> <span class='ocrx_word' id='word_1_42' title='bbox 632 1020 732 1097; x_wconf 89' lang='lat' dir='ltr'>aliquis</span> <span class='ocrx_word' id='word_1_43' title='bbox 753 1022 799 1079; x_wconf 90' lang='lat' dir='ltr'>vel</span> <span class='ocrx_word' id='word_1_44' title='bbox 817 1030 896 1099; x_wconf 89' lang='lat' dir='ltr'>pater</span> <span class='ocrx_word' id='word_1_45' title='bbox 916 1022 961 1080; x_wconf 88' lang='lat' dir='ltr'>vel</span> <span class='ocrx_word' id='word_1_46' title='bbox 975 1043 1044 1100; x_wconf 89' lang='lat' dir='ltr'>pro·</span> 
     </span>
     <span class='ocr_line' id='line_1_8' title="bbox 148 1117 1045 1204; baseline 0.013 -31"><span class='ocrx_word' id='word_1_47' title='bbox 148 1117 268 1194; x_wconf 86' lang='lat' dir='ltr'>pinquus</span> <span class='ocrx_word' id='word_1_48' title='bbox 287 1126 365 1177; x_wconf 89' lang='lat' dir='ltr'>scuto</span> <span class='ocrx_word' id='word_1_49' title='bbox 383 1120 544 1199; x_wconf 85' lang='lat' dir='ltr'><strong>frameaque</strong></span> <span class='ocrx_word' id='word_1_50' title='bbox 562 1124 695 1199; x_wconf 90' lang='lat' dir='ltr'>juvenem</span> <span class='ocrx_word' id='word_1_51' title='bbox 714 1134 823 1183; x_wconf 87' lang='lat' dir='ltr'>ornant.</span> <span class='ocrx_word' id='word_1_52' title='bbox 863 1126 944 1197; x_wconf 87' lang='lat' dir='ltr'>Haec</span> <span class='ocrx_word' id='word_1_53' title='bbox 964 1128 1045 1204; x_wconf 92' lang='lat' dir='ltr'>apud</span> 
     </span>
    </p>
   </div>
   <div class='ocr_carea' id='block_1_3' title="bbox 88 1223 1114 3610">
    <p class='ocr_par' dir='ltr' id='par_1_4' title="bbox 88 1223 1114 3610">
     <span class='ocr_line' id='line_1_9' title="bbox 148 1223 1044 1303; baseline 0.007 -23"><span class='ocrx_word' id='word_1_54' title='bbox 148 1223 211 1280; x_wconf 88' lang='lat' dir='ltr'>illos</span> <span class='ocrx_word' id='word_1_55' title='bbox 225 1232 299 1300; x_wconf 88' lang='lat' dir='ltr'>toga,</span> <span class='ocrx_word' id='word_1_56' title='bbox 320 1223 366 1282; x_wconf 91' lang='lat' dir='ltr'>hic</span> <span class='ocrx_word' id='word_1_57' title='bbox 381 1226 486 1302; x_wconf 89' lang='lat' dir='ltr'>primus</span> <span class='ocrx_word' id='word_1_58' title='bbox 502 1227 635 1303; x_wconf 84' lang='lat' dir='ltr'>juventae</span> <span class='ocrx_word' id='word_1_59' title='bbox 655 1226 764 1286; x_wconf 84' lang='lat' dir='ltr'>honos:</span> <span class='ocrx_word' id='word_1_60' title='bbox 784 1237 849 1285; x_wconf 89' lang='lat' dir='ltr'>ante</span> <span class='ocrx_word' id='word_1_61' title='bbox 868 1227 922 1286; x_wconf 91' lang='lat' dir='ltr'>hoc</span> <span class='ocrx_word' id='word_1_62' title='bbox 941 1228 1044 1286; x_wconf 85' lang='lat' dir='ltr'>domus</span> 
     </span>
     <span class='ocr_line' id='line_1_10' title="bbox 124 1316 1046 1406; baseline 0.007 -22"><span class='ocrx_word' id='word_1_63' title='bbox 124 1322 214 1406; x_wconf 70' lang='lat' dir='ltr'>&#39;&#39;pars</span> <span class='ocrx_word' id='word_1_64' title='bbox 234 1328 373 1397; x_wconf 88' lang='lat' dir='ltr'>videntur,</span> <span class='ocrx_word' id='word_1_65' title='bbox 395 1349 460 1387; x_wconf 83' lang='lat' dir='ltr'>mox</span> <span class='ocrx_word' id='word_1_66' title='bbox 481 1329 658 1406; x_wconf 83' lang='lat' dir='ltr'>reipublicae.</span> <span class='ocrx_word' id='word_1_67' title='bbox 697 1329 820 1406; x_wconf 85' lang='lat' dir='ltr'>Insignis</span> <span class='ocrx_word' id='word_1_68' title='bbox 843 1331 971 1388; x_wconf 81' lang='lat' dir='ltr'>nobilitas</span> <span class='ocrx_word' id='word_1_69' title='bbox 986 1316 1046 1390; x_wconf 74' lang='lat' dir='ltr'>but</span> 
     </span>
     <span class='ocr_line' id='line_1_11' title="bbox 149 1434 1046 1513; baseline 0.004 -23"><span class='ocrx_word' id='word_1_70' title='bbox 149 1453 251 1510; x_wconf 88' lang='lat' dir='ltr'>magna</span> <span class='ocrx_word' id='word_1_71' title='bbox 264 1442 374 1511; x_wconf 88' lang='lat' dir='ltr'>patrum</span> <span class='ocrx_word' id='word_1_72' title='bbox 394 1435 502 1504; x_wconf 85' lang='lat' dir='ltr'>merita,</span> <span class='ocrx_word' id='word_1_73' title='bbox 516 1435 649 1513; x_wconf 89' lang='lat' dir='ltr'>principis</span> <span class='ocrx_word' id='word_1_74' title='bbox 670 1434 857 1511; x_wconf 81' lang='lat' dir='ltr'>dignationem</span> <span class='ocrx_word' id='word_1_75' title='bbox 873 1435 956 1492; x_wconf 89' lang='lat' dir='ltr'>etiam</span> <span class='ocrx_word' id='word_1_76' title='bbox 970 1437 1046 1494; x_wconf 91' lang='lat' dir='ltr'>ado·</span> 
     </span>
     <span class='ocr_line' id='line_1_12' title="bbox 148 1522 1100 1618; baseline 0.003 -23"><span class='ocrx_word' id='word_1_77' title='bbox 148 1537 308 1603; x_wconf 86' lang='lat' dir='ltr'>lescentulis</span> <span class='ocrx_word' id='word_1_78' title='bbox 330 1538 496 1616; x_wconf 83' lang='lat' dir='ltr'>adsignant:</span> <span class='ocrx_word' id='word_1_79' title='bbox 516 1522 615 1596; x_wconf 84' lang='lat' dir='ltr'>ceteris</span> <span class='ocrx_word' id='word_1_80' title='bbox 636 1540 837 1597; x_wconf 87' lang='lat' dir='ltr'>robustioribus</span> <span class='ocrx_word' id='word_1_81' title='bbox 858 1560 890 1597; x_wconf 89' lang='lat' dir='ltr'>ac</span> <span class='ocrx_word' id='word_1_82' title='bbox 905 1530 964 1616; x_wconf 85' lang='lat' dir='ltr'>jani</span> <span class='ocrx_word' id='word_1_83' title='bbox 982 1542 1046 1618; x_wconf 90' lang='lat' dir='ltr'>pri-</span> <span class='ocrx_word' id='word_1_84' title='bbox 1085 1562 1100 1603; x_wconf 55' lang='grc' dir='ltr'>ς</span> 
     </span>
     <span class='ocr_line' id='line_1_13' title="bbox 152 1640 1071 1719; baseline 0.005 -21"><span class='ocrx_word' id='word_1_85' title='bbox 152 1641 217 1698; x_wconf 91' lang='lat' dir='ltr'>dem</span> <span class='ocrx_word' id='word_1_86' title='bbox 240 1640 363 1719; x_wconf 86' lang='lat' dir='ltr'>probatis</span> <span class='ocrx_word' id='word_1_87' title='bbox 391 1641 596 1718; x_wconf 79' lang='lat' dir='ltr'>adgregantur:</span> <span class='ocrx_word' id='word_1_88' title='bbox 627 1662 679 1700; x_wconf 88' lang='lat' dir='ltr'>nco</span> <span class='ocrx_word' id='word_1_89' title='bbox 702 1644 796 1712; x_wconf 87' lang='lat' dir='ltr'>rubor,</span> <span class='ocrx_word' id='word_1_90' title='bbox 825 1645 898 1702; x_wconf 90' lang='lat' dir='ltr'>inter</span> <span class='ocrx_word' id='word_1_91' title='bbox 924 1646 1044 1703; x_wconf 89' lang='lat' dir='ltr'>comites</span> <span class='ocrx_word' id='word_1_92' title='bbox 1069 1712 1071 1717; x_wconf 15' lang='lat' dir='ltr'>y</span> 
     </span>
     <span class='ocr_line' id='line_1_14' title="bbox 151 1740 1042 1825; baseline 0.003 -21"><span class='ocrx_word' id='word_1_93' title='bbox 151 1747 264 1825; x_wconf 89' lang='lat' dir='ltr'>adspici.</span> <span class='ocrx_word' id='word_1_94' title='bbox 315 1746 427 1815; x_wconf 74' lang='lat' dir='ltr'>Gradus</span> <span class='ocrx_word' id='word_1_95' title='bbox 450 1747 517 1824; x_wconf 91' lang='lat' dir='ltr'>quin</span> <span class='ocrx_word' id='word_1_96' title='bbox 541 1748 626 1805; x_wconf 90' lang='lat' dir='ltr'>etiam</span> <span class='ocrx_word' id='word_1_97' title='bbox 647 1740 757 1825; x_wconf 84' lang='lat' dir='ltr'>etipse</span> <span class='ocrx_word' id='word_1_98' title='bbox 767 1750 922 1815; x_wconf 81' lang='lat' dir='ltr'>comitatus</span> <span class='ocrx_word' id='word_1_99' title='bbox 945 1748 1042 1818; x_wconf 87' lang='lat' dir='ltr'>habet,</span> 
     </span>
     <span class='ocr_line' id='line_1_15' title="bbox 147 1830 1056 1930; baseline 0.002 -21"><span class='ocrx_word' id='word_1_100' title='bbox 147 1851 252 1928; x_wconf 88' lang='lat' dir='ltr'>judicio</span> <span class='ocrx_word' id='word_1_101' title='bbox 280 1853 349 1928; x_wconf 85' lang='lat' dir='ltr'>ejus,</span> <span class='ocrx_word' id='word_1_102' title='bbox 367 1864 466 1928; x_wconf 49' lang='lat' dir='ltr'>&#39;quem‘</span> <span class='ocrx_word' id='word_1_103' title='bbox 484 1856 642 1909; x_wconf 81' lang='lat' dir='ltr'>sectantur:</span> <span class='ocrx_word' id='word_1_104' title='bbox 672 1871 828 1930; x_wconf 85' lang='lat' dir='ltr'>magnaque</span> <span class='ocrx_word' id='word_1_105' title='bbox 856 1862 883 1910; x_wconf 89' lang='lat' dir='ltr'>ct</span> <span class='ocrx_word' id='word_1_106' title='bbox 907 1830 1056 1910; x_wconf 15' lang='lat' dir='ltr'>comitum*</span> 
     </span>
     <span class='ocr_line' id='line_1_16' title="bbox 149 1957 1047 2036; baseline 0.002 -22"><span class='ocrx_word' id='word_1_107' title='bbox 149 1957 308 2027; x_wconf 70' lang='lat' dir='ltr'>aemulatio,</span> <span class='ocrx_word' id='word_1_108' title='bbox 332 1957 432 2035; x_wconf 89' lang='lat' dir='ltr'>quibus</span> <span class='ocrx_word' id='word_1_109' title='bbox 446 1958 552 2035; x_wconf 89' lang='lat' dir='ltr'>primus</span> <span class='ocrx_word' id='word_1_110' title='bbox 571 1958 645 2035; x_wconf 88' lang='lat' dir='ltr'>apud</span> <span class='ocrx_word' id='word_1_111' title='bbox 663 1959 824 2036; x_wconf 88' lang='lat' dir='ltr'>principem</span> <span class='ocrx_word' id='word_1_112' title='bbox 843 1978 924 2017; x_wconf 88' lang='lat' dir='ltr'>snum</span> <span class='ocrx_word' id='word_1_113' title='bbox 945 1960 1047 2026; x_wconf 89' lang='lat' dir='ltr'>locus;</span> 
     </span>
     <span class='ocr_line' id='line_1_17' title="bbox 150 2062 1045 2138; baseline 0.002 -20"><span class='ocrx_word' id='word_1_114' title='bbox 150 2070 178 2118; x_wconf 91' lang='lat' dir='ltr'>et</span> <span class='ocrx_word' id='word_1_115' title='bbox 199 2063 363 2138; x_wconf 87' lang='lat' dir='ltr'>principum,</span> <span class='ocrx_word' id='word_1_116' title='bbox 382 2062 427 2119; x_wconf 88' lang='lat' dir='ltr'>cui</span> <span class='ocrx_word' id='word_1_117' title='bbox 449 2062 562 2138; x_wconf 90' lang='lat' dir='ltr'>plurimi</span> <span class='ocrx_word' id='word_1_118' title='bbox 585 2070 614 2120; x_wconf 90' lang='lat' dir='ltr'>et</span> <span class='ocrx_word' id='word_1_119' title='bbox 635 2063 762 2119; x_wconf 87' lang='lat' dir='ltr'>acerrimi</span> <span class='ocrx_word' id='word_1_120' title='bbox 785 2065 909 2121; x_wconf 84' lang='lat' dir='ltr'>comites.</span> <span class='ocrx_word' id='word_1_121' title='bbox 957 2062 1045 2120; x_wconf 85' lang='lat' dir='ltr'>Haec</span> 
     </span>
     <span class='ocr_line' id='line_1_18' title="bbox 152 2166 1046 2244; baseline 0.002 -22"><span class='ocrx_word' id='word_1_122' title='bbox 152 2166 283 2242; x_wconf 87' lang='lat' dir='ltr'>dignitas,</span> <span class='ocrx_word' id='word_1_123' title='bbox 304 2166 357 2222; x_wconf 85' lang='lat' dir='ltr'>hae</span> <span class='ocrx_word' id='word_1_124' title='bbox 379 2166 461 2235; x_wconf 87' lang='lat' dir='ltr'>vires,</span> <span class='ocrx_word' id='word_1_125' title='bbox 481 2185 584 2241; x_wconf 87' lang='lat' dir='ltr'>magno</span> <span class='ocrx_word' id='word_1_126' title='bbox 609 2186 718 2244; x_wconf 87' lang='lat' dir='ltr'>semper</span> <span class='ocrx_word' id='word_1_127' title='bbox 738 2167 890 2223; x_wconf 91' lang='lat' dir='ltr'>electorum</span> <span class='ocrx_word' id='word_1_128' title='bbox 904 2168 1046 2242; x_wconf 88' lang='lat' dir='ltr'>juvenum</span> 
     </span>
     <span class='ocr_line' id='line_1_19' title="bbox 151 2269 1046 2348; baseline 0.003 -22"><span class='ocrx_word' id='word_1_129' title='bbox 151 2270 235 2346; x_wconf 93' lang='lat' dir='ltr'>globo</span> <span class='ocrx_word' id='word_1_130' title='bbox 258 2269 429 2339; x_wconf 85' lang='lat' dir='ltr'>circumdari,</span> <span class='ocrx_word' id='word_1_131' title='bbox 453 2270 482 2326; x_wconf 91' lang='lat' dir='ltr'>iu</span> <span class='ocrx_word' id='word_1_132' title='bbox 506 2290 574 2347; x_wconf 90' lang='lat' dir='ltr'>pace</span> <span class='ocrx_word' id='word_1_133' title='bbox 598 2269 691 2340; x_wconf 83' lang='lat' dir='ltr'>decus,</span> <span class='ocrx_word' id='word_1_134' title='bbox 716 2271 745 2328; x_wconf 93' lang='lat' dir='ltr'>in</span> <span class='ocrx_word' id='word_1_135' title='bbox 765 2271 839 2328; x_wconf 92' lang='lat' dir='ltr'>bello</span> <span class='ocrx_word' id='word_1_136' title='bbox 863 2271 1046 2348; x_wconf 85' lang='lat' dir='ltr'>praesidium.</span> 
     </span>
     <span class='ocr_line' id='line_1_20' title="bbox 153 2373 1046 2454; baseline 0.002 -22"><span class='ocrx_word' id='word_1_137' title='bbox 153 2374 214 2432; x_wconf 91' lang='lat' dir='ltr'>Nec</span> <span class='ocrx_word' id='word_1_138' title='bbox 228 2373 318 2430; x_wconf 90' lang='lat' dir='ltr'>solum</span> <span class='ocrx_word' id='word_1_139' title='bbox 332 2375 360 2430; x_wconf 92' lang='lat' dir='ltr'>in</span> <span class='ocrx_word' id='word_1_140' title='bbox 376 2394 427 2431; x_wconf 89' lang='lat' dir='ltr'>sua</span> <span class='ocrx_word' id='word_1_141' title='bbox 439 2383 522 2451; x_wconf 89' lang='lat' dir='ltr'>gente</span> <span class='ocrx_word' id='word_1_142' title='bbox 536 2376 645 2451; x_wconf 88' lang='lat' dir='ltr'>cuique,</span> <span class='ocrx_word' id='word_1_143' title='bbox 665 2375 715 2433; x_wconf 90' lang='lat' dir='ltr'>sed</span> <span class='ocrx_word' id='word_1_144' title='bbox 733 2376 807 2453; x_wconf 90' lang='lat' dir='ltr'>apud</span> <span class='ocrx_word' id='word_1_145' title='bbox 826 2376 956 2434; x_wconf 87' lang='lat' dir='ltr'>finitimas</span> <span class='ocrx_word' id='word_1_146' title='bbox 970 2397 1046 2454; x_wconf 93' lang='lat' dir='ltr'>quo·</span> 
     </span>
     <span class='ocr_line' id='line_1_21' title="bbox 152 2478 1046 2556; baseline 0.002 -21"><span class='ocrx_word' id='word_1_147' title='bbox 152 2497 206 2554; x_wconf 89' lang='lat' dir='ltr'>que</span> <span class='ocrx_word' id='word_1_148' title='bbox 220 2479 345 2536; x_wconf 81' lang='lat' dir='ltr'>civitates</span> <span class='ocrx_word' id='word_1_149' title='bbox 359 2478 388 2536; x_wconf 93' lang='lat' dir='ltr'>id</span> <span class='ocrx_word' id='word_1_150' title='bbox 397 2498 508 2549; x_wconf 88' lang='lat' dir='ltr'>nomen,</span> <span class='ocrx_word' id='word_1_151' title='bbox 522 2499 555 2537; x_wconf 91' lang='lat' dir='ltr'>ea</span> <span class='ocrx_word' id='word_1_152' title='bbox 568 2480 719 2556; x_wconf 88' lang='lat' dir='ltr'>gloriaest,</span> <span class='ocrx_word' id='word_1_153' title='bbox 730 2480 754 2537; x_wconf 89' lang='lat' dir='ltr'>si</span> <span class='ocrx_word' id='word_1_154' title='bbox 765 2499 881 2537; x_wconf 90' lang='lat' dir='ltr'>numero</span> <span class='ocrx_word' id='word_1_155' title='bbox 892 2500 924 2537; x_wconf 86' lang='lat' dir='ltr'>ac</span> <span class='ocrx_word' id='word_1_156' title='bbox 938 2479 1046 2537; x_wconf 85' lang='lat' dir='ltr'>virtute</span> 
     </span>
     <span class='ocr_line' id='line_1_22' title="bbox 154 2584 1049 2662; baseline 0 -21"><span class='ocrx_word' id='word_1_157' title='bbox 154 2585 301 2642; x_wconf 86' lang='lat' dir='ltr'>comitatus</span> <span class='ocrx_word' id='word_1_158' title='bbox 315 2584 453 2642; x_wconf 86' lang='lat' dir='ltr'>emineat:</span> <span class='ocrx_word' id='word_1_159' title='bbox 474 2593 641 2662; x_wconf 86' lang='lat' dir='ltr'>expetuntur</span> <span class='ocrx_word' id='word_1_160' title='bbox 655 2586 730 2641; x_wconf 90' lang='lat' dir='ltr'>enim</span> <span class='ocrx_word' id='word_1_161' title='bbox 739 2584 924 2661; x_wconf 85' lang='lat' dir='ltr'>legationibus</span> <span class='ocrx_word' id='word_1_162' title='bbox 938 2594 967 2641; x_wconf 89' lang='lat' dir='ltr'>et</span> <span class='ocrx_word' id='word_1_163' title='bbox 979 2604 1049 2642; x_wconf 91' lang='lat' dir='ltr'>mu·</span> 
     </span>
     <span class='ocr_line' id='line_1_23' title="bbox 151 2684 1049 2768; baseline 0.001 -21"><span class='ocrx_word' id='word_1_164' title='bbox 151 2691 263 2747; x_wconf 90' lang='lat' dir='ltr'>neribus</span> <span class='ocrx_word' id='word_1_165' title='bbox 278 2699 412 2748; x_wconf 90' lang='lat' dir='ltr'>ornantur</span> <span class='ocrx_word' id='word_1_166' title='bbox 425 2698 454 2747; x_wconf 91' lang='lat' dir='ltr'>et</span> <span class='ocrx_word' id='word_1_167' title='bbox 466 2691 527 2767; x_wconf 87' lang='lat' dir='ltr'>ipsa</span> <span class='ocrx_word' id='word_1_168' title='bbox 539 2690 703 2768; x_wconf 89' lang='lat' dir='ltr'>plerumque</span> <span class='ocrx_word' id='word_1_169' title='bbox 715 2684 792 2747; x_wconf 82' lang='lat' dir='ltr'>fama</span> <span class='ocrx_word' id='word_1_170' title='bbox 800 2690 875 2748; x_wconf 91' lang='lat' dir='ltr'>bella</span> <span class='ocrx_word' id='word_1_171' title='bbox 883 2689 1049 2767; x_wconf 81' lang='lat' dir='ltr'>profligant.</span> 
     </span>
     <span class='ocr_line' id='line_1_24' title="bbox 192 2795 1051 2875; baseline -0.002 -19"><span class='ocrx_word' id='word_1_172' title='bbox 192 2797 273 2856; x_wconf 91' lang='lat' dir='ltr'><strong>XIV.</strong></span> <span class='ocrx_word' id='word_1_173' title='bbox 315 2799 388 2858; x_wconf 92' lang='lat' dir='ltr'>Cum</span> <span class='ocrx_word' id='word_1_174' title='bbox 401 2807 515 2855; x_wconf 91' lang='lat' dir='ltr'>ventum</span> <span class='ocrx_word' id='word_1_175' title='bbox 533 2798 563 2854; x_wconf 90' lang='lat' dir='ltr'>in</span> <span class='ocrx_word' id='word_1_176' title='bbox 583 2799 680 2862; x_wconf 83' lang='lat' dir='ltr'>aciem,</span> <span class='ocrx_word' id='word_1_177' title='bbox 700 2806 781 2875; x_wconf 89' lang='lat' dir='ltr'>turpe</span> <span class='ocrx_word' id='word_1_178' title='bbox 800 2795 915 2874; x_wconf 83' lang='lat' dir='ltr'>principi</span> <span class='ocrx_word' id='word_1_179' title='bbox 934 2795 1051 2854; x_wconf 87' lang='lat' dir='ltr'>virtute</span> 
     </span>
     <span class='ocr_line' id='line_1_25' title="bbox 151 2897 1114 2983; baseline -0.007 -22"><span class='ocrx_word' id='word_1_180' title='bbox 151 2905 233 2973; x_wconf 84' lang='lat' dir='ltr'>vinci,</span> <span class='ocrx_word' id='word_1_181' title='bbox 247 2912 328 2980; x_wconf 87' lang='lat' dir='ltr'>turpe</span> <span class='ocrx_word' id='word_1_182' title='bbox 342 2903 483 2961; x_wconf 89' lang='lat' dir='ltr'>comitatui</span> <span class='ocrx_word' id='word_1_183' title='bbox 500 2900 784 2977; x_wconf 57' lang='lat' dir='ltr'>virtutemnprincipis</span> <span class='ocrx_word' id='word_1_184' title='bbox 803 2918 860 2956; x_wconf 94' lang='lat' dir='ltr'>non</span> <span class='ocrx_word' id='word_1_185' title='bbox 878 2897 1052 2973; x_wconf 84' lang='lat' dir='ltr'>adaequare.</span> <span class='ocrx_word' id='word_1_186' title='bbox 1113 2976 1114 2983; x_wconf 8' lang='grc' dir='ltr'>ἵ</span> 
     </span>
     <span class='ocr_line' id='line_1_26' title="bbox 88 2988 1050 3082; baseline -0.006 -15"><span class='ocrx_word' id='word_1_187' title='bbox 88 2988 92 2997; x_wconf 52' lang='grc'><strong>’</strong></span> <span class='ocrx_word' id='word_1_188' title='bbox 151 3009 218 3069; x_wconf 89' lang='lat' dir='ltr'>Jam</span> <span class='ocrx_word' id='word_1_189' title='bbox 230 3028 297 3066; x_wconf 88' lang='lat' dir='ltr'>vero</span> <span class='ocrx_word' id='word_1_190' title='bbox 311 3009 414 3066; x_wconf 87' lang='lat' dir='ltr'>infame</span> <span class='ocrx_word' id='word_1_191' title='bbox 432 3009 462 3065; x_wconf 92' lang='lat' dir='ltr'>in</span> <span class='ocrx_word' id='word_1_192' title='bbox 475 3027 587 3065; x_wconf 91' lang='lat' dir='ltr'>omnem</span> <span class='ocrx_word' id='word_1_193' title='bbox 599 3007 686 3064; x_wconf 87' lang='lat' dir='ltr'>vitam</span> <span class='ocrx_word' id='word_1_194' title='bbox 704 3024 737 3062; x_wconf 84' lang='lat' dir='ltr'>aa</span> <span class='ocrx_word' id='word_1_195' title='bbox 756 3007 930 3082; x_wconf 88' lang='lat' dir='ltr'>probrosum,</span> <span class='ocrx_word' id='word_1_196' title='bbox 944 3022 1050 3079; x_wconf 87' lang='lat' dir='ltr'>super-</span> 
     </span>
     <span class='ocr_line' id='line_1_27' title="bbox 153 3109 1111 3191; baseline -0.005 -19"><span class='ocrx_word' id='word_1_197' title='bbox 153 3115 246 3172; x_wconf 88' lang='lat' dir='ltr'>stitem</span> <span class='ocrx_word' id='word_1_198' title='bbox 254 3114 371 3191; x_wconf 90' lang='lat' dir='ltr'>principi</span> <span class='ocrx_word' id='word_1_199' title='bbox 390 3133 440 3170; x_wconf 90' lang='lat' dir='ltr'>suo</span> <span class='ocrx_word' id='word_1_200' title='bbox 454 3132 489 3170; x_wconf 86' lang='lat' dir='ltr'>ex</span> <span class='ocrx_word' id='word_1_201' title='bbox 502 3114 560 3171; x_wconf 89' lang='lat' dir='ltr'>acie</span> <span class='ocrx_word' id='word_1_202' title='bbox 581 3112 737 3170; x_wconf 86' lang='lat' dir='ltr'>recessisse.</span> <span class='ocrx_word' id='word_1_203' title='bbox 777 3110 862 3169; x_wconf 92' lang='lat' dir='ltr'>Illum</span> <span class='ocrx_word' id='word_1_204' title='bbox 883 3109 1049 3180; x_wconf 84' lang='lat' dir='ltr'>defendere,</span> <span class='ocrx_word' id='word_1_205' title='bbox 1106 3154 1111 3159; x_wconf 84' lang='lat'>.</span> 
     </span>
     <span class='ocr_line' id='line_1_28' title="bbox 151 3202 1053 3294; baseline -0.004 -18"><span class='ocrx_word' id='word_1_206' title='bbox 151 3219 232 3287; x_wconf 75' lang='lat' dir='ltr'>meri,</span> <span class='ocrx_word' id='word_1_207' title='bbox 247 3238 298 3275; x_wconf 90' lang='lat' dir='ltr'>sua</span> <span class='ocrx_word' id='word_1_208' title='bbox 310 3237 420 3294; x_wconf 91' lang='lat' dir='ltr'>quoque</span> <span class='ocrx_word' id='word_1_209' title='bbox 432 3217 518 3275; x_wconf 83' lang='lat' dir='ltr'>fortia</span> <span class='ocrx_word' id='word_1_210' title='bbox 526 3218 602 3275; x_wconf 83' lang='lat' dir='ltr'>facta</span> <span class='ocrx_word' id='word_1_211' title='bbox 610 3217 716 3293; x_wconf 86' lang='lat' dir='ltr'>gloriae</span> <span class='ocrx_word' id='word_1_212' title='bbox 725 3217 787 3292; x_wconf 90' lang='lat' dir='ltr'>ejus</span> <span class='ocrx_word' id='word_1_213' title='bbox 797 3202 952 3291; x_wconf 85' lang='lat' dir='ltr'>adsignare,</span> <span class='ocrx_word' id='word_1_214' title='bbox 963 3233 1053 3290; x_wconf 86' lang='lat' dir='ltr'>prae-</span> 
     </span>
     <span class='ocr_line' id='line_1_29' title="bbox 153 3319 1052 3403; baseline -0.007 -23"><span class='ocrx_word' id='word_1_215' title='bbox 153 3324 264 3401; x_wconf 89' lang='lat' dir='ltr'>cipuum</span> <span class='ocrx_word' id='word_1_216' title='bbox 288 3330 490 3403; x_wconf 86' lang='lat' dir='ltr'>sacramentum</span> <span class='ocrx_word' id='word_1_217' title='bbox 510 3331 561 3378; x_wconf 87' lang='lat' dir='ltr'>est.</span> <span class='ocrx_word' id='word_1_218' title='bbox 602 3320 746 3398; x_wconf 88' lang='lat' dir='ltr'>Principes</span> <span class='ocrx_word' id='word_1_219' title='bbox 766 3338 817 3397; x_wconf 89' lang='lat' dir='ltr'>pro</span> <span class='ocrx_word' id='word_1_220' title='bbox 837 3319 954 3377; x_wconf 89' lang='lat' dir='ltr'>victoria</span> <span class='ocrx_word' id='word_1_221' title='bbox 971 3338 1052 3396; x_wconf 91' lang='lat' dir='ltr'>pug-</span> 
     </span>
     <span class='ocr_line' id='line_1_30' title="bbox 152 3422 1050 3504; baseline -0.006 -19"><span class='ocrx_word' id='word_1_222' title='bbox 152 3435 239 3495; x_wconf 82' lang='lat' dir='ltr'>nant3</span> <span class='ocrx_word' id='word_1_223' title='bbox 259 3427 373 3484; x_wconf 90' lang='lat' dir='ltr'>comites</span> <span class='ocrx_word' id='word_1_224' title='bbox 387 3446 438 3504; x_wconf 93' lang='lat' dir='ltr'>pro</span> <span class='ocrx_word' id='word_1_225' title='bbox 448 3426 580 3504; x_wconf 89' lang='lat' dir='ltr'>principe.</span> <span class='ocrx_word' id='word_1_226' title='bbox 623 3424 654 3483; x_wconf 89' lang='lat' dir='ltr'>Si</span> <span class='ocrx_word' id='word_1_227' title='bbox 667 3425 773 3492; x_wconf 86' lang='lat' dir='ltr'>civitas,</span> <span class='ocrx_word' id='word_1_228' title='bbox 787 3424 816 3479; x_wconf 91' lang='lat' dir='ltr'>in</span> <span class='ocrx_word' id='word_1_229' title='bbox 830 3442 886 3499; x_wconf 92' lang='lat' dir='ltr'>qua</span> <span class='ocrx_word' id='word_1_230' title='bbox 899 3422 953 3479; x_wconf 89' lang='lat' dir='ltr'>orti</span> <span class='ocrx_word' id='word_1_231' title='bbox 967 3432 1050 3491; x_wconf 90' lang='lat' dir='ltr'>sunt,</span> 
     </span>
     <span class='ocr_line' id='line_1_31' title="bbox 151 3527 1052 3610; baseline -0.007 -18"><span class='ocrx_word' id='word_1_232' title='bbox 151 3535 236 3610; x_wconf 86' lang='lat' dir='ltr'>longa</span> <span class='ocrx_word' id='word_1_233' title='bbox 249 3552 316 3609; x_wconf 84' lang='lat' dir='ltr'>pace</span> <span class='ocrx_word' id='word_1_234' title='bbox 329 3541 357 3589; x_wconf 91' lang='lat' dir='ltr'>et</span> <span class='ocrx_word' id='word_1_235' title='bbox 371 3532 427 3589; x_wconf 91' lang='lat' dir='ltr'>otio</span> <span class='ocrx_word' id='word_1_236' title='bbox 440 3539 566 3609; x_wconf 89' lang='lat' dir='ltr'>torpeat;</span> <span class='ocrx_word' id='word_1_237' title='bbox 585 3530 710 3608; x_wconf 90' lang='lat' dir='ltr'>plerique</span> <span class='ocrx_word' id='word_1_238' title='bbox 728 3529 862 3588; x_wconf 91' lang='lat' dir='ltr'>nobilium</span> <span class='ocrx_word' id='word_1_239' title='bbox 882 3527 1052 3586; x_wconf 86' lang='lat' dir='ltr'>adolescen-</span> 
     </span>
    </p>
   </div>
   <div class='ocr_carea' id='block_1_4' title="bbox 0 0 1133 3992">
    <p class='ocr_par' dir='ltr' id='par_1_5' title="bbox 0 0 1133 3992">
     <span class='ocr_line' id='line_1_32' title="bbox 0 0 1133 3992; baseline 0 0"><span class='ocrx_word' id='word_1_240' title='bbox 0 0 1133 3992; x_wconf 95' lang='lat' dir='ltr'> </span> 
     </span>
    </p>
   </div>
   <div class='ocr_carea' id='block_1_5' title="bbox 1049 1500 1120 1550">
    <p class='ocr_par' dir='ltr' id='par_1_6' title="bbox 1049 1500 1120 1550">
     <span class='ocr_line' id='line_1_33' title="bbox 1049 1500 1120 1550; baseline 0 0"><span class='ocrx_word' id='word_1_241' title='bbox 1049 1500 1120 1550; x_wconf 47' lang='grc' dir='ltr'>Μ’</span> 
     </span>
    </p>
   </div>
  </div>
 </body>
</html>
