2242 3992
398 379 575 422 annuarum
597 381 693 421 arnan
714 382 736 422 1.
977 365 1031 420 117

137 524 247 580 aiones
272 532 362 579 uret:
397 522 556 581 intercessit
584 523 720 581 Haterius
748 524 877 600 Agrippa
908 522 1037 581 tribunus

138 626 245 703 plebei,
268 627 475 705 increpitusque
495 637 539 686 est
563 628 657 685 Asinii
682 626 760 687 Galli
782 628 915 696 oratione,
938 627 1038 684 silente

141 733 270 799 Tiberio,
292 731 340 810 qui
363 753 397 791 ea
420 734 569 793 simulacra
587 734 725 792 libertatis
753 734 861 793 senatui
878 733 1039 811 praebebat.

140 838 244 894 Valuit
260 847 354 896 tamen
374 840 546 908 intercessio,
559 841 626 917 quia
646 840 727 898 divus
742 840 889 917 Augustus
907 841 1039 897 inmunes

138 943 287 1000 anderun
315 945 459 1003 aarum
489 944 632 1022 qnondam
658 945 849 1023 responderat,
876 962 968 1021 neque
993 943 1038 1027 ias

139 1048 261 1105 Tiberio
273 1047 427 1126 infringere
441 1049 515 1107 dicta
534 1050 605 1126 ejus.
646 1048 693 1107 De
711 1050 795 1107 modo
814 1049 926 1118 lucaris,
941 1057 970 1106 et
989 1049 1038 1105 ad·

138 1169 243 1207 versus
263 1152 405 1211 lasciviam
423 1153 574 1224 fautorum,
587 1153 676 1212 multa
694 1153 900 1212 decernuntur:
921 1173 955 1211 ex
976 1153 1038 1230 quis

138 1259 265 1316 maxime
298 1258 441 1336 insignia:
474 1279 511 1317 ue
540 1261 633 1317 domos
659 1261 900 1335 pantomimorum
931 1268 1039 1316 senator

141 1365 293 1427 introiret‚·
324 1382 360 1421 ne
383 1364 546 1440 effredientse
568 1364 600 1421 iu
618 1362 765 1440 publicum
787 1365 889 1441 equites
913 1364 1040 1421 Romani

140 1472 292 1546 cinyerent,
314 1480 365 1527 aut
386 1468 455 1526 alibi
475 1488 561 1545 quam
588 1470 621 1526 in
647 1469 748 1527 theatro
774 1479 962 1545 spectarentur
971 1489 985 1533 ;
1003 1479 1040 1542 vet

139 1575 327 1650 spectantium
345 1576 538 1632 immodestiam
559 1573 653 1633 unsilia
672 1573 812 1633 multandi
824 1584 1038 1650 potestacprue·

140 1679 343 1756 toribuefieret.

185 1783 355 1841 LXXVIII.
409 1784 558 1860 Templum
585 1792 617 1842 ut
644 1785 674 1840 in
701 1783 810 1840 colonia
834 1783 1039 1840 Tarraconensi

141 1897 301 1945 strueretur
327 1888 460 1964 Augusto
490 1889 650 1965 petentibus
682 1887 819 1963 Hispanis
851 1888 1039 1963 permissum

141 1992 297 2068 datumque
309 1992 339 2047 in
354 2011 451 2049 omnes
464 1992 622 2069 provincias
643 1993 809 2070 exemplum.
850 1993 1039 2052 Centesimum

141 2095 393 2154 remm‘venaiium
406 2106 471 2174 post
489 2097 565 2155 bolla
585 2098 677 2156 civilia
695 2099 859 2167 institutam,
872 2098 1040 2176 deprecante

83 2241 87 2248 ·
141 2207 257 2284 populo,
280 2207 367 2265 edixit
390 2208 529 2278 Tiberius,
551 2208 674 2267 militare
697 2210 842 2267 marium
864 2228 894 2267 ee
920 2208 1040 2266 subsidio

140 2314 203 2370 niti
212 2333 222 2367 :
244 2313 330 2371 simod
350 2315 481 2390 inparem
498 2316 577 2372 oneri
596 2333 656 2371 rem
670 2314 824 2390 pachimum,
838 2316 898 2372 nisi
913 2314 1041 2372 uicesimo

141 2417 265 2476 militiae
278 2439 353 2476 anno
366 2421 490 2478 uetermr'
502 2419 727 2477 dimitterentur:
750 2419 790 2476 ita
806 2420 949 2497 proximae
969 2420 1041 2477 sedi·

140 2524 230 2581 tionis
243 2523 317 2581 male
330 2525 465 2593 consulta,
480 2525 581 2603 quibua
600 2524 722 2582 sedecim
742 2525 944 2602 stipendiorum
957 2526 1042 2583 finem
1108 2571 1112 2582 ,

143 2637 351 2704 expresserant,
364 2628 469 2686 abolita
479 2629 508 2686 in
521 2639 674 2706 posterum.

189 2731 327 2791 LXXIX.
377 2739 485 2792 Actum
508 2734 608 2792 deinde
629 2736 659 2792 in
683 2744 781 2793 senatu
801 2735 836 2791 ab
855 2735 994 2792 Arnmtio
1014 2744 1042 2791 et

146 2839 245 2906 Ateio,
259 2857 294 2895 an
315 2839 351 2897 ob
364 2839 548 2898 moderandas
563 2841 673 2899 Tiberis
688 2841 887 2898 exundationes
900 2847 1042 2897 verteren-

145 2955 196 3003 tur
222 2944 338 3003 flumina
363 2955 392 3005 et
418 2947 505 3016 lacus,
532 2967 584 3025 per
607 2968 678 3025 quos
705 2946 849 3023 augescitt
877 2943 1042 3021 auditaeque

145 3051 363 3128 municipiorum
383 3061 412 3109 et
434 3052 605 3111 coloniamm
627 3053 790 3130 legationes,
811 3052 956 3109 orantibus
978 3050 1043 3107 Flo-

144 3157 273 3226 rentinis,
287 3178 323 3216 ne
339 3157 438 3217 Clanis
450 3158 525 3217 adito
537 3158 613 3217 alveo
625 3160 747 3216 demotus
761 3159 792 3215 iu
806 3176 919 3215 amnem
927 3153 1044 3214 Arnum

145 3265 356 3338 transferretur,
372 3266 454 3341 idque
477 3266 547 3341 epeia
563 3265 719 3341 perniciem
742 3265 872 3338 adferret.
915 3261 1043 3337 Congru-

146 3368 225 3426 entia
237 3367 281 3425 his
295 3368 500 3427 Interamnates
518 3369 694 3427 disseruere:
708 3388 825 3444 mosum
843 3369 931 3424 ituros
937 3366 1043 3439 fecun-

147 3474 277 3532 dissimae
291 3474 394 3534 Italiae
412 3477 573 3551 campensi
586 3476 680 3532 ananie
694 3474 761 3532 Nar
777 3473 822 3552 (id
840 3472 914 3529 enim
928 3468 1043 3546 paraba-

145 3575 211 3649 tur)
235 3581 267 3636 c'n
288 3580 363 3636 riuos
385 3580 513 3637 diductus
535 3580 804 3655 superstayuam'saet.
847 3575 910 3632 Nec
931 3573 1044 3630 Reatini
