2242 3992
424 212 468 245 'm

413 240 423 261 ι
458 244 465 255 ι
495 246 510 277 a
681 268 685 271 ¹

177 309 216 367 62
439 358 443 365 .
499 280 519 403 {
549 328 697 375 rscmus.

174 464 274 530 adsint,
299 486 332 524 eo
355 466 445 526 laudis
468 412 611 540 exbedere,
636 454 692 547 quo
713 468 839 548 plerique
862 489 912 547 per
939 472 1075 549 abrupta,

174 571 255 629 sed
247 592 277 629 m
300 573 408 630 nullum
427 575 595 652 reipublicae
618 595 710 644 usum,
734 576 880 635 ambitiosa
909 585 1000 634 morte
1025 578 1069 634 in·
1109 606 1111 639 ι

174 677 342 736 claruerunt.

213 780 325 841 XLIII.
366 784 443 843 Finis
454 787 527 845 ritae
538 787 599 863 ejus
607 788 688 844 nobis
698 787 850 856 luctuosus,
861 788 957 845 amicis
968 789 1068 856 tristis,
1109 708 1110 857 1

172 892 360 949 extraneist
333 893 416 971 etiam
432 894 591 993 igpotisque
610 915 666 953 non
686 895 746 952 sine
766 912 834 953 cura
850 895 914 952 firit.
955 894 1110 972 Vulgus
1109 876 1110 943 1

172 1015 292 1073 quoque,
306 1005 336 1054 et
347 994 393 1056 hic
407 996 483 1056 aliud
495 1019 582 1075 agens
596 1001 723 1078 populus,
738 1009 767 1057 et
780 1001 953 1057 ventitavere
966 1000 1003 1057 ad
1018 1000 1069 1057 do·

171 1123 256 1174 mum,
271 1113 298 1162 ct
312 1126 362 1182 per
374 1107 437 1165 fora
450 1115 478 1164 et
497 1108 616 1166 circulos
630 1108 715 1166 locuti
730 1116 814 1166 sunt:
834 1128 886 1165 nec
905 1110 1110 1186 quisquam,
1109 1134 1110 1185 1

123 1207 125 1211 ’
171 1214 266 1273 audita
278 1225 368 1274 morte
383 1216 543 1293 Agricolae,
557 1225 606 1291 aut
624 1217 743 1276 laetatus
762 1227 806 1276 est
823 1226 871 1276 aut
886 1219 981 1276 statim
994 1220 1066 1277 obli·
1109 1200 1110 1219 .

170 1331 216 1380 tus
230 1332 281 1381 est.
323 1325 456 1400 Augebat
472 1327 679 1383 miserationem
697 1334 827 1384 constans
843 1344 947 1394 rumor,
961 1346 1065 1384 veneno

103 1468 106 1469 ν
169 1437 360 1510 interceptum.
426 1433 516 1491 Nobis
537 1420 608 1499 nihil
635 1435 761 1533 cunperti
784 1434 932 1517 adfirmare
956 1437 1065 1525 ausim
1108 1410 1110 1420 1

170 1548 294 1597 ceterum
317 1559 367 1617 per
391 1559 502 1597 omnem
524 1508 729 1597 valetudinem
737 1541 806 1617 ejus,
827 1512 954 1598 crebrius
980 1561 1067 1618 quam
1107 1461 1111 1577 1

168 1665 203 1703 ex
223 1665 302 1704 more
322 1646 493 1723 principatus
509 1665 560 1722 per
578 1647 690 1704 nuntios
710 1647 835 1716 visentis,
854 1657 882 1704 et
899 1647 1067 1704 libertorum

167 1751 250 1829 primi
274 1760 302 1808 et
319 1751 490 1809 medicorum
509 1751 601 1808 intimi
613 1770 735 1820 venere3
756 1753 814 1809 sive
828 1772 896 1809 cura
908 1752 1025 1822 illud,
1002 1773 1065 1810 srve

167 1856 309 1932 inquisitio
329 1863 398 1913 erat.
440 1854 577 1931 Supremo
595 1854 708 1931 quidem
728 1854 781 1923 die,
805 1863 988 1975 momenQ
966 1853 1065 1913 defici·

167 1963 240 2043 entis
263 1982 314 2039 per
336 1962 484 2047 dispositos
507 1980 635 2018 cursores
659 1961 787 2018 nuntiata
810 1943 962 2027 constabat,
983 1959 1065 2016 nullo

96 2132 101 2139 ,
169 2067 307 2136 credente,
330 2065 540 2161 sicpadcelerari
558 2085 631 2142 quae
651 2066 739 2123 tristis
761 2066 878 2123 audiret.
935 2063 1066 2141 Speciem

168 2179 262 2230 tamen
276 2170 380 2231 doloris
394 2174 487 2230 animo
500 2173 636 2250 vultuque
654 2193 721 2251 prae
740 2193 770 2230 sc
788 2173 862 2241 tulit,
876 2191 990 2229 securus
1001 2173 1065 2248 jam

168 2276 233 2345 odii,
247 2284 277 2333 et
295 2277 343 2353 qui
360 2277 470 2334 facilius
491 2276 678 2336 dissimularet
695 2278 828 2354 gaudium
842 2295 926 2354 quam
946 2283 1064 2332 mettim.
1109 2328 1110 2335 ,

170 2378 244 2438 Satis
259 2381 403 2437 constabat
415 2379 488 2436 lecto
508 2388 675 2438 testamento
690 2381 852 2458 Agricolae,
871 2400 928 2457 quo
946 2379 1064 2437 cohere-

170 2483 233 2541 dem
247 2486 366 2562 optimae
379 2486 460 2541 uxori
478 2493 506 2542 et
523 2487 665 2563 piissimae
678 2486 752 2544 filiae
766 2485 961 2543 Domitianum
974 2485 1064 2561 scrip-

169 2594 213 2664 sit,
227 2595 361 2652 laetatum
375 2614 439 2651 eum
452 2594 529 2651 velut
542 2594 649 2652 honore
666 2570 845 2673 judicioque:
865 2602 924 2652 tam
937 2614 1020 2651 caeca
1034 2603 1065 2652 et
1109 2618 1110 2701 p

169 2707 304 2776 conmpta
323 2719 403 2756 mens
423 2699 546 2756 adsiduis
568 2699 773 2757 adulationibus
794 2708 862 2768 erat,
883 2707 915 2775 ut
938 2698 1110 2756 nesciret

168 2804 332 2862 abonot
285 2825 321 2881 pa
320 2812 364 2862 tre
381 2823 438 2862 non
452 2804 537 2861 scribi
550 2802 725 2861 herdem'
697 2824 753 2899 nisi
745 2804 873 2891 'malum
885 2805 1110 2887 principem.

207 2912 315 2970 XLIV.
356 2912 447 2970 Natus
468 2874 1110 3030 1111Α11111110111ἷο811111111ιιιῶ

168 3017 291 3075 Consule
305 3016 402 3077 Idibus
416 3017 526 3076 Juniis.
547 3017 667 3073 excessit
681 3025 759 3074 sexto
780 3020 809 3074 et
828 3019 1064 3095 quinquagesimo
1109 3068 1110 3071 ,

167 3140 249 3188 anno,
258 3119 365 3177 decimo
374 3120 517 3178 Kalendas
530 3120 701 3197 Septembris
708 3121 985 3199 CollegaPrrscoque
993 3143 1065 3180 con·
1109 3114 1110 3117 1

167 3225 282 3283 sulibus
322 3225 429 3289 Quodsi
439 3224 565 3283 bab1tum
576 3245 686 3302 quoque
697 3246 758 3302 ejus
768 3228 873 3304 posteri
883 3246 1001 3285 noscere
1011 3249 1063 3287 ve·
1109 3236 1110 3303 ᾗ

164 3331 234 3397 liut;
248 3329 390 3387 decentior
400 3349 484 3405 quam
497 3329 643 3387 sublimior
656 3329 726 3387 firit.
740 3330 811 3387 nihil
818 3341 909 3388 metus
923 3332 953 3388 in
961 3332 1061 3400 vultu3

165 3435 257 3511 gratia
283 3434 339 3491 oris
366 3442 531 3511 supererat:
561 3435 665 3491 bonum
692 3436 784 3492 virum
810 3436 892 3493 facile
920 3436 1060 3507 crederes,

164 3558 299 3616 magnum
320 3539 447 3600 libenter.
497 3539 536 3596 Et
553 3540 613 3616 ipse
632 3539 753 3616 quidem,
775 3561 944 3618 quamquam
965 3518 1061 3600 medio

163 3644 192 3702 in
214 3645 303 3723 spatio
325 3644 450 3720 integrae
470 3644 567 3702 aetatis
588 3653 709 3729 ereptus,
730 3654 865 3722 quantum
883 3647 919 3704 ad
936 3647 1059 3724 gloriam
