2242 3992
143 349 183 425 99
524 384 672 426 racirus.

161 536 164 540 ’
194 506 367 576 XXXVIII.
427 520 468 576 At
494 519 524 574 in
554 518 656 576 Caucis
684 524 850 592 coeptavere
878 513 1044 570 seditionem
1118 544 1119 553 κ

145 625 315 701 praesidium
333 624 471 701 agitantes
493 623 631 680 vexillarii
652 621 823 678 discordium
842 620 995 696 legionum,
1018 624 1048 674 et
1118 592 1119 631 t

144 731 284 807 praesenti
311 730 431 787 duorum
457 730 579 786 militum
612 728 748 806 supplicio
778 726 893 804 paulum
923 724 1047 801 repressi
1118 768 1119 815 p

145 843 219 893 sunt.
260 834 389 893 Jusserat
407 834 436 891 id
457 834 592 892 Mennius
616 842 772 891 castrorum
789 832 956 909 praefectus,
971 832 1048 888 bono

143 941 233 1018 magis
266 941 393 1017 exemplo
421 961 505 1018 quam
529 960 662 998 concesso
684 940 767 1016 jure:
796 937 906 1005 deinde,
926 938 1050 994 intume-

145 1055 240 1104 scente
253 1054 341 1115 motu‚
352 1047 489 1124 profugus
499 1054 691 1123 repertusque,
702 1052 852 1122 postquam
860 1045 967 1100 intutae
976 1043 1050 1100 late·
1118 1110 1119 1119 ἵ

143 1154 220 1222 brae,
234 1151 403 1229 praesidium
423 1152 458 1209 ab
479 1152 595 1209 audacia
614 1159 777 1208 mutuatur:
797 1171 854 1207 nou
869 1151 1050 1225 praesectum

144 1259 178 1317 ab
200 1261 246 1328 e'e's,
267 1260 317 1316 sed
342 1259 546 1317 Germanicum
567 1259 674 1327 dacem,
689 1260 739 1315 sed
754 1258 900 1315 Tiberium
921 1258 1049 1331 impera·

95 1398 103 1409 ·
144 1375 229 1422 torem
250 1362 360 1420 violari.
402 1362 492 1421 Simul
511 1362 652 1419 exterritis
673 1362 722 1439 qui
744 1362 918 1428 obstiterant,
933 1369 1048 1436 raptum

144 1469 277 1526 vexillum
297 1468 334 1526 ad
353 1469 443 1545 ripam
464 1468 557 1537 vertit,
578 1469 651 1524 etsi
668 1469 731 1543 quis
752 1469 864 1544 aporiae
883 1467 1048 1534 decessisset,

138 1596 195 1652 pro
208 1575 413 1649 desertorefore
427 1573 582 1640 clamitans,
597 1572 707 1629 reduxit
729 1573 759 1628 in
779 1571 897 1628 hiberna
917 1571 1048 1629 turbidos

145 1690 174 1737 et
184 1680 258 1737 nihil
273 1700 365 1738 ausos,

187 1785 328 1843 XXXIX.
379 1784 491 1841 Interea
514 1784 600 1860 legati
627 1783 663 1840 ab
684 1791 782 1839 senatu
804 1800 964 1858 regressum
983 1781 1048 1856 jam

145 1890 220 1968 apud
243 1910 320 1948 aram
340 1889 480 1950 Ubiorum
502 1888 705 1947 Germanicum
731 1888 844 1945 adeunt.
899 1886 983 1943 Duae
1006 1887 1047 1944 ibi
1118 1880 1119 1889 ¹

145 1994 279 2071 legiones,
293 1994 383 2070 prima
401 2002 485 2070 atque
505 1994 647 2061 vicesima,
661 1994 842 2070 veteranique
862 2012 952 2071 nuper
964 1994 1048 2050 missi

145 2099 197 2154 sub
211 2098 314 2155 vexillo
328 2097 498 2155 hiemabant.
539 2097 660 2155 Pavidos
679 2105 707 2155 et
728 2096 897 2154 conscientia
910 2097 1050 2155 vecordes

144 2203 231 2260 intrat
254 2212 355 2271 metus,
374 2203 485 2260 venisse
505 2211 616 2280 patrum
635 2203 726 2279 jussu,
746 2204 794 2280 qui
812 2203 897 2259 inrita
917 2202 1049 2263 facerent
1118 2256 1119 2271 ,

145 2326 218 2383 quae
237 2326 287 2384 per
308 2306 473 2363 seditionem
497 2314 702 2383 expresserant.
743 2307 841 2384 thue
861 2326 923 2363 mos
946 2307 1048 2384 vulgo,

145 2411 272 2488 quamvis
289 2410 368 2468 falsis
386 2430 466 2468 reum
486 2412 614 2480 subdere,
629 2411 792 2469 Munatium
812 2412 957 2481 Plancum,
977 2433 1049 2470 con·
1118 2464 1119 2467 ,

146 2514 239 2574 sulatu
259 2516 396 2584 functum,
416 2517 571 2593 principem
591 2516 747 2593 legationis,
761 2526 905 2575 auctorem
919 2528 1052 2576 senatus·
1118 2584 1119 2595 γ

146 2622 267 2680 consulti
288 2622 436 2689 incusant;
457 2628 485 2677 et
502 2629 585 2677 nocte
604 2623 739 2679 concubia
757 2622 889 2679 vexillum
910 2623 939 2679 in
959 2622 1050 2681 domo
1118 2620 1119 2635 ¹

147 2728 310 2788 Germanici
337 2727 422 2784 situm
448 2726 575 2802 flagitare
599 2728 751 2805 obcipiunt,
783 2747 974 2806 concursuque
1011 2731 1053 2787 ad

142 2835 258 2909 januam
281 2833 358 2890 facto
381 2832 535 2888 moliuntur
551 2831 646 2899 fores3
666 2841 821 2889 extractum
842 2832 926 2889 cubili
942 2832 1052 2893 Caesa·

146 2957 206 2994 rem
215 2938 326 2995 tradere
336 2936 470 2994 vexillum
480 2937 588 2993 intento
598 2937 697 2993 mortis
706 2946 784 2994 metu
796 2938 938 3014 subigunt.
970 2938 1050 2997 Mox

147 3045 212 3118 vagi
228 3063 277 3120 per
291 3044 351 3100 vias
368 3044 464 3100 obvios
484 3042 608 3100 habuere
629 3043 746 3120 legatos,
767 3045 862 3102 audita
882 3054 1051 3104 consterna·
1118 3102 1119 3107 ,

146 3149 221 3206 tione
244 3148 279 3205 ad
294 3149 495 3208 Germanicum
504 3150 661 3208 tendentes.
701 3149 839 3227 Ingenmt
854 3152 1051 3220 contumelias,

147 3254 260 3312 eaedem
287 3264 395 3332 parant,
421 3254 527 3312 Planco
553 3255 682 3324 maxime,
710 3276 793 3333 quern
826 3255 948 3333 dignitas
975 3256 1051 3332 fuga

147 3361 329 3438 inpediverat.
370 3359 471 3436 Neque
496 3358 572 3417 aliud
595 3359 763 3437 periclitanti
784 3361 938 3417 subsidium
960 3380 1052 3436 quam

147 3473 239 3523 castra
258 3465 364 3541 primae
384 3463 519 3540 legionis:
539 3464 597 3521 illic
616 3466 696 3541 signa
714 3474 743 3523 et
760 3464 883 3542 aquilam
901 3465 1051 3542 amplexus
1118 3452 1119 3455 Ἴ

148 3571 282 3648 religione
296 3588 357 3628 sese
370 3569 531 3638 tutabatur;
550 3589 593 3640 ac,
606 3570 637 3627 ni
655 3571 786 3648 aquilifer
801 3570 970 3648 Calpurnius
987 3570 1051 3627 vim
1118 3620 1119 3641 ζ
