2242 3992
424 361 608 403 enumerem.
926 346 963 400 27

26 554 28 571 ,
87 499 183 567 miscuo,
204 498 255 556 sed
272 499 366 556 oleoso
389 500 440 557 sub
465 500 580 557 custode
601 509 629 557 et
651 499 763 578 quidem
786 519 876 568 servo,
897 501 962 576 quie

88 606 176 663 subitos
189 605 314 663 hostium
326 607 453 663 incursus
467 606 596 684 prohibet
610 626 738 676 oceanus,
760 608 864 664 otiosae
877 627 961 683 porro

87 721 240 771 ornatorum
266 732 365 770 manus
392 713 476 771 facile
500 713 671 771 lasciviunt:
705 715 846 771 enimvero
873 733 964 791 neque

26 792 28 853 i
86 817 200 886 nobilem,
214 836 306 895 neque
319 819 480 894 ingenuum,
503 837 539 874 ne
557 818 718 875 libertinum
736 817 857 895 quidem,
878 820 963 875 ermis

87 941 243 1000 praeponere
256 923 334 1000 regio
346 924 451 981 utilitas
465 932 518 981 est.

26 1050 27 1081 ι
118 1026 202 1086 XLV.
246 1028 337 1086 Trans
359 1027 477 1086 Suiones
500 1027 576 1085 eliud
595 1047 680 1096 mere,
704 1028 815 1105 pignum
828 1048 861 1085 ao
874 1048 961 1106 prope

87 1133 215 1203 inmotum,
236 1153 293 1210 quo
306 1134 381 1210 cingi
394 1134 523 1211 eludique
536 1142 675 1191 terrerum
688 1134 784 1191 orbem
797 1134 863 1191 hino
875 1134 964 1202 fides;

88 1239 150 1314 quod
161 1248 302 1297 extremus
323 1239 447 1297 cedentis
463 1240 524 1315 jam
542 1239 608 1296 solis
623 1239 719 1315 fulgor
731 1240 761 1296 iu
775 1249 852 1296 ortus
866 1240 964 1297 edurat

26 1358 28 1377 ²
88 1343 144 1400 odeo
163 1343 263 1414 clerus,
287 1353 319 1401 ut
339 1345 431 1402 sidero
452 1344 584 1412 hebetet3
618 1363 718 1401 sonum
739 1345 853 1422 insuper
876 1346 966 1402 audiri

26 1450 27 1459 ’
88 1448 234 1527 formasque
248 1449 363 1508 deorum
376 1460 405 1508 et
417 1450 509 1508 radios
528 1450 626 1528 eapitis
639 1449 743 1528 adspioi
756 1452 899 1528 persuasio
918 1451 966 1509 ad-

26 1576 28 1623 p
86 1555 144 1629 jicit.
180 1555 255 1613 Illuo
274 1575 364 1632 usque
385 1564 414 1613 et
432 1556 509 1613 foma
529 1574 597 1613 vere
616 1564 727 1613 tertuum
738 1564 847 1613 notura.
888 1556 966 1633 Ergo

26 1668 27 1733 ς
86 1660 135 1734 jem
150 1661 248 1719 dextro
270 1660 380 1720 suevici
396 1662 481 1720 maris
499 1661 594 1718 littore
608 1661 780 1740 Aestyorom
798 1671 896 1739 gentes
918 1663 967 1719 ad·

88 1765 208 1824 luunturz
237 1767 338 1844 quibus
365 1767 435 1824 ritus
466 1767 632 1844 habitusque
658 1766 838 1848 Suevorum3
868 1768 965 1843 lingna

26 1946 27 1959 χ
88 1871 254 1932 Britannicae
263 1873 385 1951 propior.
418 1872 542 1931 Matrem
552 1872 835 1930 deumvenerantur:
856 1873 966 1948 insigne

26 2012 27 2045 ι
86 1980 279 2054 superstitionis
302 1979 407 2036 formes
429 1998 560 2056 aprorum
582 1987 703 2056 gestent.
752 1978 787 2035 Id
810 1996 861 2054 pro
882 1978 967 2034 armis

26 2070 28 2145 i
85 2086 205 2163 omnique
231 2085 320 2143 tutele
352 2102 481 2143 securum
517 2085 585 2144 dese
619 2086 754 2144 cultorem
780 2086 863 2142 etiem
890 2086 964 2141 inter

26 2232 28 2263 p
86 2189 170 2249 hostes
197 2196 330 2269 praestet
378 2189 472 2248 Rarus
494 2191 573 2259 ferri,
593 2192 727 2268 frequens
750 2191 867 2248 fustium
890 2210 968 2247 usus4

26 2278 27 2305 ³
86 2295 229 2355 Frumento
241 2306 404 2374 ceterosque
416 2295 525 2354 fruetus
538 2297 697 2375 patientius,
718 2315 803 2374 quern
822 2314 874 2373 pro
888 2295 970 2354 solite

26 2400 28 2405 ’
87 2401 284 2460 Germanorum
297 2401 405 2469 inertia,
418 2401 555 2459 laborent.
597 2401 653 2460 Sed
666 2411 695 2459 et
707 2420 785 2458 mare
803 2411 971 2469 scrutantur,

86 2523 114 2562 ue
138 2506 189 2564 soli
215 2507 340 2563 omnium
364 2506 516 2574 suociumn,
538 2506 615 2584 quod
642 2507 695 2583 ipsi
723 2507 831 2583 pinsum
858 2516 970 2573 vocent,

86 2613 152 2671 inter
165 2615 236 2673 vods
250 2623 334 2692 etque
343 2615 373 2671 in
386 2615 447 2692 ipso
457 2614 539 2672 litore
550 2615 657 2690 legunt.
699 2613 769 2680 Nec,
779 2633 851 2691 quae
864 2624 972 2682 natura,

88 2736 186 2795 quaeve
199 2721 272 2778 ratio
285 2721 391 2797 gignet,
401 2728 433 2777 ut
445 2721 580 2789 herberie,
591 2721 747 2798 quaesitum
756 2729 973 2797 compertumve.

26 2894 27 2919 p
90 2821 144 2882 Diu
156 2827 222 2903 quin
238 2827 322 2884 etium
342 2827 417 2884 inter
436 2835 529 2884 cetera
548 2828 732 2902 ejectamente
749 2826 833 2882 maris
851 2827 974 2901 jacebat,

26 2932 28 2947 '
89 2929 171 2992 donec
188 2934 298 2992 luxurie
318 2943 415 2991 nostre
434 2933 510 2991 dedit
526 2953 648 2991 nomen:
675 2933 743 3010 ipsis
758 2933 788 2988 in
806 2931 884 2989 nullo
902 2952 972 3000 usu;

26 3054 28 3093 ι
90 3037 153 3095 rude
179 3040 291 3118 legitur,
318 3040 439 3097 informe
465 3039 614 3117 perfertur,
642 3039 816 3115 pretiumque
839 3038 973 3096 mirantes

26 3138 28 3179 ἶ
91 3143 231 3221 accipiunt.
274 3144 394 3203 Sueoum
407 3152 501 3201 temen
514 3145 647 3200 arborum
660 3161 722 3198 esse
739 3140 888 3217 intelligas,
909 3143 975 3218 quie

90 3259 195 3308 terrena
206 3250 342 3329 quaedam
356 3258 439 3326 etque
461 3250 545 3307 etiam
565 3247 690 3309 volucria
706 3246 837 3303 animalia
853 3246 975 3323 plerum-

90 3370 140 3427 que
151 3356 326 3425 interlucent,
348 3373 419 3432 quae
437 3352 569 3432 implicate
590 3351 706 3409 humore
727 3370 792 3417 mon
812 3350 976 3407 durescente

88 3463 198 3520 materie
217 3461 376 3520 eluduntur.
417 3458 592 3520 Fecundiore
605 3459 692 3535 igitur
705 3474 824 3513 nemore
839 3455 973 3530 lucosque

89 3563 156 3623 siout
179 3568 304 3626 Orientis
324 3567 448 3635 secretis,
478 3566 527 3624 ubi
546 3574 611 3623 true
629 3563 809 3637 balsamaque
830 3558 974 3625 sudantur,
1084 3601 1096 3620 r
