2242 3992
112 354 151 414 98
483 370 630 412 racrrus.

109 514 144 570 ni
161 513 331 590 suppliciam
352 513 384 570 in
404 510 490 570 malos
501 518 699 588 praesamant,
714 524 834 564 maram
841 503 1015 581 memnona

108 625 199 682 caede.
250 622 307 680 Eas
333 621 455 679 Caecina
476 618 631 696 aquiliferis
654 615 859 692 signiferisque,
879 620 908 670 et
929 612 1015 690 quod
1110 600 1115 653 ἶ

109 730 228 786 maxime
249 736 404 785 castrorum
425 726 564 782 sincerum
585 732 652 792 erat,
674 721 783 779 occulte
803 719 1015 795 recitabatque

107 843 216 893 cunctos
230 833 379 907 infamiae,
393 851 421 888 ee
440 832 513 906 ineos
530 830 614 886 morti
626 829 757 893 eximant,
771 825 916 883 bortatur:
937 843 1014 881 nam

107 942 140 997 in
154 958 227 1015 pace
247 958 346 996 causas
365 947 392 994 et
410 937 511 993 merita
530 935 670 1010 spectari:
694 932 743 988 att
761 930 860 987 bellam
880 931 1012 1006 inqrnat,

106 1045 262 1102 innocenter
278 1063 312 1101 ac
331 1044 424 1100 noxios
435 1043 521 1118 jnnta
541 1040 647 1097 cadere.
709 1035 756 1093 Illi
771 1034 913 1111 temptatis
933 1053 1014 1110 quos

106 1148 221 1207 idoneos
246 1150 387 1216 rebantur,
405 1154 553 1225 postquam
577 1145 713 1220 majorem
733 1141 876 1216 legionum
896 1148 1012 1216 partem

106 1255 136 1311 in
151 1255 242 1312 officio
255 1254 359 1323 vident,
375 1254 409 1311 de
423 1251 561 1309 sententia
573 1248 659 1327 legati
678 1255 804 1305 statuunt
816 1254 935 1322 tempus,
946 1264 1012 1322 quo

106 1357 298 1415 foedissimum
312 1374 451 1433 quemque
465 1362 494 1411 et
507 1353 637 1410 seditioni
649 1360 810 1430 promptum
831 1351 907 1407 ferro
925 1350 1012 1407 inva-

106 1462 182 1520 dant.
217 1462 307 1530 Tunc,
318 1461 399 1536 signo
412 1460 485 1516 iuter
499 1478 529 1516 se
544 1457 618 1527 dato,
633 1458 797 1533 inrumpunt
811 1455 1008 1524 contubemia‚
1054 1533 1057 1539 Ι

104 1568 245 1625 trucidant
267 1568 400 1644 ignaros:
422 1565 510 1634 nullo,
537 1564 592 1621 nisi
618 1562 745 1632 consciis,
770 1569 902 1619 noscente
926 1561 1009 1638 quod

104 1673 197 1731 caedis
210 1659 328 1741 initium,
342 1671 404 1748 quis
418 1670 491 1728 finis.

144 1777 255 1836 XLIX.
296 1777 418 1834 Diversa
432 1775 556 1832 omnium
566 1791 638 1850 quae
651 1791 776 1850 unquam
790 1771 919 1829 adcidere
932 1771 1010 1830 civi-

104 1882 173 1939 lium
186 1899 328 1938 armorum
341 1879 446 1937 facies:
460 1897 516 1934 non
525 1876 640 1954 proelio,
654 1897 711 1934 non
725 1878 849 1935 adversis
863 1897 879 1935 e
893 1878 1007 1947 castris,

105 1986 155 2044 sed
175 1986 274 2044 iisdem
294 2006 310 2042 e
330 1984 476 2051 cubilibus,
491 2002 561 2059 quos
581 1981 663 2040 simul
677 1983 815 2039 vescentis
836 1983 904 2051 dies,
918 1982 1007 2040 simul

104 2093 213 2168 quietos
226 2111 282 2148 nox
295 2090 440 2158 habuerat,
455 2088 601 2146 discedunt
618 2087 648 2144 in
662 2097 765 2165 partes,
779 2089 912 2164 ingerunt
934 2089 1006 2147 tela.

108 2197 231 2265 Clamor,
245 2196 370 2263 vulnera,
386 2195 499 2271 sanguis
509 2193 618 2272 palam;
632 2213 717 2251 causa
729 2194 758 2250 in
773 2194 895 2252 occulto:
910 2203 1007 2253 cetera

105 2300 165 2357 fors
186 2299 275 2374 regit:
296 2298 458 2374 etquidem
479 2299 617 2355 bonorum
637 2301 719 2368 caesi,
740 2308 896 2378 postquam,
917 2300 1006 2357 intel·

104 2406 178 2462 lecto
198 2405 227 2460 in
251 2423 321 2479 quos
344 2404 506 2472 saeviretur,
530 2405 644 2481 pessimi
667 2425 778 2482 quoque
800 2426 878 2464 arma
902 2425 1005 2482 rapue-

106 2518 192 2568 rant:
222 2528 314 2585 neque
339 2507 448 2583 legatus
475 2516 524 2565 aut
549 2509 679 2567 tribunus
706 2510 865 2569 moderator
891 2511 1005 2568 adfuit:

106 2615 241 2692 permissa
263 2612 349 2689 vulgo
372 2612 485 2669 licentia
508 2621 592 2690 atque
610 2613 680 2671 ultio
704 2624 733 2672 et
757 2617 878 2673 satietas.
928 2614 1004 2672 Mox

107 2721 250 2796 ingressus
269 2728 361 2776 castra
375 2717 570 2787 Germanicus,
589 2739 645 2777 non
663 2723 833 2780 medicinam
848 2722 925 2791 iliad,
940 2721 1007 2799 plu·

106 2827 185 2883 rimis
205 2845 269 2884 cum
289 2825 419 2893 lacrimis,
441 2826 490 2882 sed
508 2824 611 2882 cladem
633 2826 784 2903 adpellans,
805 2829 926 2886 creneari
945 2847 1007 2884 cor·

101 2950 177 3006 pora
194 2930 284 3006 jubet.
325 2930 432 2987 Truces
455 2928 539 2987 etiam
561 2936 623 2986 tum
646 2932 753 2989 animos
775 2933 876 3011 cupido
896 2932 1006 2990 involat

107 3034 191 3092 eundi
217 3036 247 3090 in
268 3033 387 3104 hostem,
414 3035 555 3113 piaculum
581 3035 704 3096 fluoris:
734 3057 787 3096 nec
813 3038 895 3096 aliter
921 3057 1006 3115 posse

108 3138 212 3217 placari
236 3139 446 3196 conmilitonum
464 3159 570 3209 manes,
584 3160 668 3217 quam
692 3142 716 3198 si
742 3143 901 3219 pectoribus
921 3141 1007 3218 inpiis

109 3245 227 3301 honesta
239 3243 356 3300 vulnera
369 3244 552 3321 adoepissent.
596 3244 727 3322 Sequitur
741 3246 870 3303 ardorem
882 3246 1007 3303 militum

110 3350 224 3418 Caesar,
250 3349 403 3426 junctoque
435 3358 519 3426 ponte
549 3351 681 3408 tramittit
708 3351 855 3409 duodecim
882 3351 961 3408 milia
989 3371 1007 3408 c

107 3455 272 3532 legionibus,
293 3462 388 3511 seret
407 3455 507 3530 viginti
526 3456 615 3513 socias
637 3455 774 3525 cobortes,
796 3465 859 3514 octo
879 3458 1008 3533 equitum

109 3559 176 3629 alas,
190 3578 309 3637 quarum
323 3577 357 3615 ea
371 3557 504 3639 seditione
517 3559 682 3619 intemerata
695 3561 832 3620 modestia
844 3563 907 3619 fuit
997 3605 1000 3607 >
