2242 3992
488 9 510 20 '⁵
566 9 609 12 *⁷¹⁷⁷
633 9 636 10 ⁷
656 18 659 23 ι

471 40 476 45 ,
511 36 537 49 ,a
604 32 613 51 ›

430 58 439 73 i
461 62 522 81 ¹l⁸¹
564 42 575 67 Χ
628 38 643 73 ¹¹³
684 44 701 87 &N

397 66 448 125 fs
462 80 470 103 i
703 94 709 107 κ

391 122 395 131 d
437 124 445 139 s
577 110 589 133 ,¹
711 108 720 121 q*

492 146 496 153 r
676 146 678 155 ι
717 146 720 153 »

529 182 534 191 ,
553 166 593 185 μ’
630 152 676 208 Til
720 138 729 215 l}

378 152 384 165 Ι

378 188 382 197 ’
451 189 516 233 adsta*
556 200 561 209 ⁸
599 206 621 217 ,ι

439 234 475 253 ,Η
535 227 541 233 .

557 268 567 277 ,,

620 190 725 341 ipsas

415 328 613 397 ossuum?
632 346 672 391 s
915 339 952 395 13

33 466 35 553 l
88 507 113 546 ac
128 509 232 548 munera
250 492 377 568 probant,
391 511 508 549 munera
527 511 584 549 non
606 491 644 549 ad
666 491 778 550 delicias
801 493 951 551 muliebres

87 597 197 669 quaesita,
210 614 261 652 nec
275 596 375 673 quibus
388 615 462 654 nova
479 605 567 674 nupta
586 605 730 664 comatum
750 596 800 654 sed
816 597 903 654 bovas
924 606 953 657 et

33 724 35 789 q
85 697 203 759 toruum
216 720 318 777 equum
338 708 367 759 et
387 710 497 759 scutum
515 721 579 759 cum
596 702 703 759 framea
721 701 878 779 gladioque.
918 701 952 758 In

33 790 35 863 l
85 801 140 885 laec
155 825 268 865 munera
286 814 358 863 uxor
379 806 524 883 adcipimr,
538 814 623 882 atque
643 807 762 864 invicem
780 807 841 884 ipsa
860 826 951 864 mmo-

33 886 35 967 l
85 926 133 967 um
150 909 250 986 aliquid
272 911 334 970 viro
352 909 462 969 adfert:
483 910 537 968 hoc
552 910 705 968 maxinmm
718 910 868 979 vinculum,
882 911 952 969 haec

33 1010 35 1087 l
84 1031 167 1073 uuna
184 1034 272 1083 sacra,
290 1013 342 1072 hos
361 1015 522 1091 conjugales
541 1015 609 1073 deos
629 1015 808 1072 arbitrantur.
858 1015 903 1073 Ne
921 1037 952 1074 se

33 1114 35 1209 q
83 1117 166 1176 mulier
186 1128 266 1180 extra
287 1120 423 1179 virtutum
451 1120 633 1196 cogitationes
657 1129 789 1196 extraque
813 1119 952 1177 bellorum

33 1216 35 1267 l
84 1239 147 1280 casus
159 1233 243 1300 putet,
266 1225 333 1301 ipsis
346 1225 503 1301 incipientis
519 1224 688 1283 matrimonii
707 1225 837 1301 auspiciis
857 1224 953 1281 edmo-

33 1280 35 1415 Ξ
84 1336 156 1398 uctrr,
169 1332 264 1389 venire
277 1351 309 1389 se
322 1331 449 1389 laborum
462 1331 703 1407 periculommque
713 1331 825 1397 sociam,
835 1329 909 1386 idem
922 1329 951 1385 in

33 1418 35 1497 l
84 1450 143 1507 pace,
155 1435 225 1493 idem
244 1437 273 1492 in
289 1435 394 1512 proelio
408 1454 552 1512 passuram
568 1454 772 1512 ausuramque:
792 1434 845 1492 hcc
861 1434 953 1510 juncti

84 1536 160 1607 boves,
169 1540 221 1598 hoc
231 1549 346 1617 paratus
358 1560 455 1616 equus,
465 1540 520 1598 hoc
530 1539 863 1597 dataarmadenuutiant.
906 1539 953 1597 Sic

84 1643 218 1710 urendum,
236 1647 279 1705 sic
296 1645 486 1722 pereundum:
506 1645 635 1723 adcipere
653 1664 683 1701 se
701 1665 773 1721 quae
793 1645 888 1701 liberis
909 1645 953 1701 in·

83 1747 167 1807 violata
182 1771 214 1811 ac
233 1751 322 1827 digna
341 1750 447 1820 reddat,
462 1770 533 1827 quae
550 1769 638 1808 nurus
652 1750 788 1826 accipiant
801 1768 953 1826 rursusque

33 1848 35 1891 l
83 1850 226 1932 adnepotes
241 1855 374 1912 referant.

33 1964 35 2031 ᾗ
113 1957 185 2018 XIX.
226 1961 308 2036 Ergo
328 1968 421 2036 septae
440 1958 574 2035 pudicitia
590 1966 686 2033 agunt,
709 1957 793 2017 nullis
812 1966 954 2034 spectacu-

33 2042 35 2161 l
82 2060 154 2123 bum
167 2066 327 2133 inlecebris,
347 2065 432 2125 nullis
454 2064 645 2122 conviviorum
665 2064 869 2121 imitationibus
889 2083 954 2121 con·

33 2222 34 2227 ,
82 2178 169 2246 ruptae.
208 2172 383 2231 Litterarum
397 2179 504 2231 secreta
517 2170 570 2226 viri
583 2170 687 2247 pariter
696 2190 730 2228 ac
742 2170 883 2227 femmae
875 2189 955 2246 igno·

33 2274 35 2337 ἶ
80 2284 137 2332 rant,
175 2276 367 2341 Pauctssrma
360 2295 389 2332 m
397 2286 455 2335 tam
465 2294 614 2332 numerosa
623 2283 707 2350 gente
718 2275 871 2333 adulteria
864 2296 954 2353 ;·quo

80 2394 129 2436 um
140 2401 228 2457 poena
240 2399 384 2459 praesens,
399 2388 427 2437 et
436 2379 542 2436 maritis
561 2380 704 2456 permissa.
745 2380 857 2438 Adcisis
872 2382 954 2438 crini-

78 2482 127 2554 bus,
139 2489 280 2556 nudatam,
295 2506 389 2545 coram
401 2486 573 2563 propinquis,
594 2486 707 2562 expellit
729 2487 810 2544 domo
828 2489 956 2556 maritae,

42 2654 45 2661 Δ
78 2605 102 2644 ac
111 2609 157 2666 per
169 2611 282 2651 omnem
294 2593 388 2651 vicum
401 2592 517 2652 verbere
531 2592 598 2667 agit.
639 2591 800 2649 Publicolae
816 2594 889 2649 enim
903 2613 953 2668 pu-

78 2691 172 2755 dicitiae
185 2697 266 2755 nulla
279 2697 379 2754 venia:
399 2716 456 2753 non
472 2696 572 2765 forma,
594 2715 650 2752 non
666 2705 765 2763 aetate,
786 2712 842 2753 non
855 2696 954 2773 opibus

78 2801 873 2868 maritummvenerit.Nemcen1mrlltcv1trar1det·nec
887 2821 952 2859 con·

78 2921 191 2983 rumpere
212 2916 242 2965 et
260 2908 404 2984 courumpi
425 2905 566 2963 saeculum
589 2915 712 2962 vocatur
762 2905 868 2963 Melius
893 2909 953 2984 qui·

78 3007 130 3067 dem
142 3013 233 3073 adhuc
246 3032 296 3073 eac
309 3013 444 3080 civitates,
464 3012 493 3068 in
514 3011 614 3087 quibus
632 3018 741 3067 tantum
758 3012 881 3088 virgines
899 3032 952 3070 nu·

33 3110 35 3197 l
76 3111 143 3184 bunt,
156 3127 184 3175 et
197 3138 264 3175 cum
277 3138 326 3195 spe
340 3125 462 3193 votoque
481 3115 576 3173 uxoris
595 3115 680 3173 semel
693 3116 864 3191 transigitur,
903 3117 953 3175 Sic

76 3235 151 3281 uuum
163 3224 304 3301 accipiunt
318 3223 459 3290 maritum,
480 3219 619 3297 quomodo
637 3239 724 3276 unum
740 3240 840 3297 corpus
855 3242 953 3282 unam·

33 3336 35 3367 l
78 3342 123 3399 que
135 3330 231 3397 vitam,
244 3349 280 3387 ne
297 3329 356 3387 ulla
374 3327 504 3403 cogitatio
524 3325 607 3394 ultra,
626 3344 662 3381 ne
680 3324 790 3401 longior
811 3326 954 3403 cupiditas,

79 3441 259 3511 notamquam
267 3431 617 3513 maritum,scdtamquam
627 3431 957 3520 matrimoniumgament.

83 3529 233 3618 Numerum⁴
251 3539 402 3599 liberorum
425 3537 513 3607 fiune,
537 3544 585 3593 aut
605 3553 771 3612 quemquam
790 3553 824 3590 ex
845 3533 953 3608 agnatis

818 3653 834 3692 c
