2242 3992
446 391 625 436 annanrun
647 392 744 434 nrssa
765 392 787 433 1.
1008 376 1065 432 115

159 541 225 599 tus,
252 531 371 608 inquies,
399 530 467 588 dum
493 531 610 589 occultis
638 530 741 589 libellis
772 530 904 588 saevitiae
931 530 1064 607 principis

161 637 286 714 adrepit,
309 656 375 694 mox
399 636 553 694 clarissimo
578 637 678 714 cuique
701 636 856 714 periculum
872 636 996 704 facessit,
1015 655 1065 713 po·

162 743 287 800 tentiam
310 741 384 819 apud
406 760 502 809 unum,
525 740 621 798 odium
642 740 718 818 apud
735 760 833 799 omnes
849 740 975 817 adeptus,
989 740 1065 798 dedit

163 846 336 924 exemplum,
359 845 436 922 quod
458 846 546 903 secuti
569 864 603 902 ex
622 845 789 923 pauperibus
813 844 922 913 divites,
942 864 976 902 ex
996 862 1065 902 con-

163 952 284 1029 temptis
310 951 461 1020 metuendi,
488 952 641 1028 perniciem
667 952 729 1009 aliis
756 971 789 1009 ac
816 959 989 1029 postremum
1013 950 1065 1008 sibi

164 1060 311 1115 invenere.
353 1057 410 1116 Sed
429 1057 601 1116 Marcellum
620 1057 800 1115 insimulabat
819 1058 945 1115 nsanos
963 1058 998 1114 de
1014 1057 1066 1115 Ti-

165 1162 245 1219 berio
271 1180 407 1218 ammones
432 1161 582 1218 mbae:
615 1161 775 1218 inevitabile
798 1162 913 1231 crimen,
940 1181 1004 1219 cum
1031 1182 1065 1219 ex

166 1266 296 1324 moribus
309 1266 441 1343 principis
453 1266 617 1324 foedissima
629 1286 756 1344 quaeque
772 1267 906 1344 deligeret
919 1266 1067 1325 adcusator

167 1371 379 1449 objectaretque
402 1391 474 1429 reo:
503 1391 578 1441 nam,
592 1373 659 1450 quia
681 1393 749 1431 vera
773 1381 861 1442 erant,
885 1373 970 1431 etiam
993 1373 1067 1432 dicta

168 1476 366 1535 credebantur.
417 1477 536 1536 Addidit
564 1478 656 1556 Hispo
682 1489 804 1537 stanam
825 1478 957 1537 Marcelli
982 1479 1067 1537 altius

167 1602 259 1660 qrram
285 1583 440 1643 Caesarum
463 1585 548 1641 silom
560 1603 575 1647 ;
607 1593 633 1640 et
658 1582 718 1641 alio
744 1585 776 1642 ia
799 1593 900 1652 statua,
925 1593 1067 1660 amputato

168 1691 263 1765 capite
275 1690 406 1766 depasti,
419 1691 536 1766 effipiam
547 1689 656 1748 Tiberii
669 1690 810 1746 inditam:
827 1688 863 1747 sd
876 1688 953 1766 quod
965 1691 1067 1746 exarsit

168 1793 253 1861 adeo,
266 1802 298 1850 ut
311 1801 394 1870 rupta
406 1793 595 1851 taciturnitate
608 1792 793 1871 proclamaret
811 1812 840 1850 se
858 1813 962 1868 quoquc
981 1796 1014 1851 ia
1033 1814 1067 1851 ea

169 1898 396 1957 cumulaturum
409 1901 573 1957 amantium
580 1898 681 1975 palam
695 1900 877 1973 etjuratum:
899 1917 955 1973 quo
969 1899 1067 1958 ceteris

169 2003 274 2062 eadem
295 2004 446 2062 necessitas
466 2003 555 2061 fieret.
596 2002 752 2060 Manebant
772 2002 937 2059 etiamtum
950 2002 1068 2079 vestigia

169 2110 319 2168 morientis
328 2110 474 2168 libertatis.
507 2109 599 2186 Igitur
609 2107 721 2166 Cnaeus
732 2107 809 2177 Piso,
822 2107 893 2174 Quo,
902 2107 1002 2184 inquit,
1013 2107 1066 2166 loco

169 2214 300 2283 camela,
318 2213 623 2291 Cacaorhiprimus,
637 2214 732 2271 Ιιαόεὸο
745 2214 820 2290 qaod
828 2233 951 2290 coquam
972 2215 1070 2290 sipost

170 2337 277 2385 ornnes
290 2338 384 2377 vereor
406 2339 442 2377 ae
464 2319 621 2396 inprudens
641 2318 812 2376 dissentiam.
852 2316 1001 2376 Permotus
1013 2317 1067 2387 his,

167 2431 333 2499 qrrantoque
354 2424 491 2481 incautius
511 2423 667 2491 efferverat,
690 2422 861 2499 poenitentia
878 2424 986 2500 patiens
1004 2423 1068 2481 tulit

171 2528 284 2586 absolvi
306 2548 387 2587 reum
405 2530 567 2587 criminibus
583 2528 758 2604 majestatis:
789 2527 824 2585 de
844 2530 968 2606 pecuniis
989 2548 1068 2606 repe-

171 2634 271 2694 tundis
284 2635 320 2692 ad
333 2636 533 2712 reciperatores
546 2636 618 2692 itum
630 2644 683 2692 est.

217 2739 338 2797 LXXV.
378 2740 441 2798 Nec
460 2749 572 2819 patrum
595 2740 799 2817 cognitionibus
823 2741 938 2798 satiatus
954 2740 1066 2816 judiciis

173 2846 321 2905 adsidebat
339 2848 368 2903 in
382 2866 470 2905 cornu
482 2845 638 2915 tribunalis,
652 2866 688 2903 ne
701 2855 858 2924 praetorem
872 2845 962 2903 curuli
975 2845 1069 2923 depel-

173 2955 264 3023 leret3
276 2956 419 3033 multaque
433 2976 467 3013 eo
481 2975 576 3014 coram
586 2955 719 3013 adversus
730 2955 866 3012 ambitum
875 2963 904 3012 et
913 2956 1068 3031 potentium

174 3081 273 3139 preces
295 3063 464 3121 constituta:
489 3063 538 3120 sed
559 3062 627 3120 dum
645 3061 757 3118 veritati
777 3061 939 3131 consulitur,
954 3061 1067 3121 libertas

176 3169 421 3245 conrumpebatur.
476 3166 555 3224 Inter
587 3173 658 3243 qu‘ae
686 3165 755 3224 Pius
788 3166 922 3223 Aurelius
956 3177 1068 3227 senator

174 3282 301 3350 questus,
315 3274 384 3333 mole
391 3275 521 3351 publicae
533 3276 596 3333 viae
608 3276 745 3351 ductaque
764 3294 904 3351 equorum
923 3276 1070 3352 mascam

174 3380 254 3437 aeda
277 3400 353 3450 suas,
381 3381 514 3438 auxilium
537 3390 648 3458 patrum
675 3380 844 3438 invocabat:
877 3381 1069 3438 resistentibus

174 3484 277 3541 aerarii
297 3486 481 3562 praetoribus,
495 3484 624 3542 subvenit
640 3484 753 3552 Caesar,
767 3485 942 3561 pretiumque
960 3483 1069 3539 aedium

177 3589 299 3648 Aurelio
312 3591 419 3660 tribuit,
433 3590 590 3668 erogandae
603 3608 653 3667 per
662 3588 780 3646 honesta
794 3588 927 3663 pecuniae
940 3587 1069 3663 cupiens:
