2242 3992
421 368 596 413 nemaeus.
916 356 956 411 39

18 536 20 585 4
79 516 144 576 spem
162 502 321 561 eonsrrlatus
341 514 488 563 revocatus
506 514 558 575 est,
573 507 723 564 comitante
742 506 880 583 opinione,
895 505 959 563 Bri·

18 596 20 655 ἒ
79 604 190 662 aarum
203 606 229 662 ei
241 607 414 683 provinciam
428 608 508 667 dari:
527 611 613 668 nullis
631 612 661 668 in
675 611 729 668 boe
748 612 805 668 suis
824 602 959 668 sermoni·

18 688 44 803 l¹
78 704 128 775 bns,
141 708 335 786 sedquiapar
349 711 506 770 videbatur.
547 714 635 772 Haud
653 736 763 794 semper
782 727 857 774 errat
876 717 959 785 fama,
1038 729 1043 739 ⁴

18 904 20 929 l

18 1092 20 1133 l

77 811 215 889 aliquando
239 824 268 872 et
290 816 384 892 elegit
426 817 533 876 Consul
557 821 687 897 egregiae
707 830 768 895 tum
792 823 850 899 spei
873 823 960 880 filiam

73 916 159 991 juveni
172 920 243 976 mihi
257 920 412 998 despondit,
429 943 463 981 ac
475 925 726 1001 postconsulatum
740 926 914 993 conlocavit;
932 935 962 983 et

18 1066 19 1083 ,
76 1025 159 1081 statim
187 1024 350 1084 Britanniae
373 1029 547 1105 praepositus
574 1038 626 1099 est,
650 1031 759 1106 adjecto
782 1030 960 1108 pontificatus

18 1174 19 1181 ,
74 1130 232 1188 sacerdotio.

110 1236 145 1294 X.
185 1237 349 1296 Britanniae
367 1239 452 1296 situm
469 1240 651 1318 populosque,
668 1240 764 1297 multis
783 1240 963 1317 scriptoribus

78 1351 247 1413 memoratos,
260 1364 318 1402 non
335 1346 365 1401 in
384 1347 618 1423 comparationem
638 1366 721 1404 curae
738 1347 879 1423 ingeniive
892 1345 965 1403 refe-

79 1465 139 1517 ram,
153 1448 205 1505 sed
223 1451 289 1526 quia
306 1458 367 1507 tum
384 1451 506 1528 primum
523 1451 679 1529 perdomita
698 1459 757 1519 est;
776 1451 879 1528 itaque,
894 1472 965 1529 qnae

79 1552 186 1627 priores,
200 1553 325 1610 nondum
342 1562 492 1632 comperta,
511 1554 671 1631 eloquentia
687 1553 857 1632 percoluere,
872 1575 966 1612 rerum

79 1655 126 1713 fide
151 1658 307 1716 tradentur.
375 1659 521 1718 Britannia
547 1661 711 1729 insularum,
739 1680 809 1737 quas
837 1659 967 1718 Romana
1050 1705 1055 1713 .

18 1794 19 1839 i
79 1764 171 1821 notitia
190 1765 393 1841 complectitur,
406 1767 536 1835 maxima,
551 1767 640 1844 spatio
654 1786 687 1823 ac
700 1767 778 1823 caelo
791 1766 821 1822 in
831 1767 967 1823 orientem

80 1867 251 1939 Germaniae,
265 1871 294 1927 in
314 1871 488 1929 occidentem
502 1872 657 1949 Hispaniae
676 1870 854 1928 obtenditur:
876 1871 967 1929 Gallis

81 1971 109 2029 in
143 1975 291 2033 meridiem
322 1977 406 2034 etiam
434 1970 605 2054 inspicitura
639 1975 875 2053 septemtrionalia
901 1977 972 2052 ejus,

78 2080 156 2138 nullis
176 2090 277 2139 contra
296 2083 388 2150 terris,
402 2090 482 2140 vasto
502 2090 586 2158 atque
606 2089 704 2159 aperto
722 2081 795 2138 mari
814 2080 971 2157 pulsantur.

80 2184 205 2245 Formam
223 2188 310 2244 totius
325 2187 486 2245 Britanniae
500 2186 599 2244 Livius
616 2196 753 2256 veterum,
775 2185 879 2244 Fabius
893 2187 969 2245 Rus-

18 2368 19 2373 *
77 2290 143 2349 tiaris
163 2292 319 2349 recentium
339 2291 559 2369 eloquentissimi
579 2300 716 2361 auctores,
745 2293 883 2370 oblongae
904 2314 967 2351 scu·

18 2400 19 2431 l
78 2395 148 2454 tulae
170 2396 218 2454 vel
240 2397 355 2474 bipenni
378 2395 589 2454 adsimilavere:
617 2404 645 2453 et
669 2405 713 2453 est
736 2417 770 2454 ea
792 2397 879 2455 facies
899 2398 970 2455 citra

80 2500 266 2571 Caledoniam,
279 2500 354 2557 unde
368 2508 397 2557 et
409 2501 439 2557 in
452 2500 615 2556 universum
630 2499 707 2556 fama
720 2507 763 2557 est
775 2508 970 2577 transgressa:

80 2607 126 2664 aed
147 2609 305 2665 inmensum
329 2615 357 2663 et
384 2623 497 2661 enorme
524 2604 644 2681 spatium
670 2606 894 2681 procurrentium
922 2625 970 2663 ex·

77 2719 162 2770 tremo
179 2713 241 2789 jam
261 2712 345 2769 litore
365 2719 512 2779 terrarum,
531 2710 610 2767 velut
632 2711 662 2767 in
684 2730 804 2768 cuneum
828 2720 968 2769 tenuatur.

81 2815 160 2875 Hanc
173 2837 253 2875 oram
265 2817 411 2875 novissimi
422 2816 509 2872 maris
518 2824 587 2872 tunc
600 2817 720 2893 primum
731 2815 861 2874 Romana
873 2816 969 2874 classis

18 2970 20 2997 ἱ
78 2917 268 2987 circumvecta,
282 2917 403 2975 insulam
423 2935 485 2974 esse
505 2916 680 2974 Britanniam
701 2916 859 2973 adfirmavit
879 2936 911 2974 ac
932 2919 969 2974 si·

18 3094 20 3107 ,
79 3023 135 3080 mul
159 3023 318 3100 incognitas
349 3021 386 3080 ad
411 3020 441 3078 id
467 3028 577 3098 tempus
604 3021 718 3090 insulas,
746 3041 815 3097 quas
841 3021 967 3081 Orcadas

79 3137 184 3197 vocant,
198 3129 307 3186 invenit
317 3127 488 3203 domuitque.
520 3125 658 3203 Dispecta
671 3136 714 3184 est
728 3136 756 3184 et
771 3126 984 3205 ἸἫ111,1]111111,

77 3230 209 3291 hactenus
236 3234 297 3290 nix.
312 3242 342 3290 et
367 3233 457 3290 hiems
479 3224 614 3300 abdebat;
641 3232 692 3289 sed
709 3251 788 3289 mare
807 3233 919 3309 pigrum
939 3242 968 3290 et

79 3354 163 3413 grave
181 3339 383 3414 remigantibus
396 3337 544 3414 perbibent
559 3357 600 3409 une
621 3338 711 3395 ventis
725 3337 837 3414 quidem
851 3337 967 3413 proinde

79 3440 193 3502 adtolli:
213 3443 305 3513 credo,
319 3443 395 3520 quod
408 3443 527 3500 rariores
540 3451 632 3501 terrae
649 3450 823 3519 montesque,
837 3460 922 3498 causa
938 3460 972 3497 ac

79 3550 195 3608 materia
210 3559 417 3626 tempestatum,
434 3555 463 3606 et
482 3548 622 3626 profunda
634 3548 724 3606 moles
743 3547 865 3604 continui
883 3546 968 3599 maris
