2242 3992
341 369 519 410 Asusamus
542 369 640 410 urana
661 369 683 409 1.
922 351 959 409 81

67 514 172 583 ceptum
192 506 323 564 omisere.
364 506 483 564 Blaesus
496 506 586 564 multa
607 506 718 565 dicendi
739 516 809 576 arte,
824 506 892 565 Non
905 526 961 583 per

66 612 220 669 unitionem
238 621 265 669 et
281 611 375 669 turbae
391 614 532 670 desideria
552 611 676 669 militum
692 613 732 669 ad
746 612 895 670 Caesarem
909 614 961 686 fe·

66 719 154 787 renota,
170 718 229 775 ait:
250 736 339 794 neque
356 727 456 775 ueteres
474 718 508 774 ut
527 717 741 793 imperatoribus
752 705 860 793 priscis
872 737 960 793 neque

67 825 130 898 maor
146 845 168 881 u
187 825 252 882 diuo
273 825 397 901 Aupmto
414 834 473 881 tam
490 844 564 881 noco
577 825 710 900 petiome
719 844 734 887 ;
756 834 782 881 et
794 843 905 900 purum
925 826 960 881 r‘n

66 934 176 1002 tenpore
200 930 362 1004 incipientis
376 931 522 1005 princepis
540 938 625 986 curas
644 930 766 986 onerari.
810 929 846 987 St
865 939 958 988 tamen

67 1035 198 1090 tenderent
212 1035 243 1090 in
252 1053 326 1109 pace
338 1043 472 1110 temptare
484 1053 556 1110 quoe
570 1053 606 1091 ne
619 1033 747 1090 ciuilium
760 1034 872 1109 quidem
882 1034 960 1092 bello-

66 1156 122 1193 rum
137 1140 252 1195 victores
269 1139 573 1214 ermenteriarum
590 1149 685 1196 eontm
705 1159 809 1196 morem
829 1139 958 1214 obsequii,

65 1247 210 1319 mutusne
222 1245 389 1321 atrapatinse
406 1248 465 1302 rim
483 1244 678 1303 meditentur?
699 1246 874 1302 decernerent
885 1244 958 1322 kyo-

66 1357 107 1416 tos,
118 1370 197 1426 seque
211 1370 305 1407 coram
319 1352 454 1408 mandata
467 1352 575 1407 durent.
613 1349 826 1417 Adclamavere,
840 1348 958 1427 utfilr'ue

68 1453 156 1513 Blaesi
167 1457 298 1514 tribunus
307 1455 439 1533 legatione
457 1477 490 1514 ea
499 1458 681 1533 fungeretur,
690 1466 846 1532 peteretque
859 1455 959 1514 militi-

68 1559 109 1617 tn
120 1563 278 1619 mistionem
292 1563 326 1619 ab
339 1564 456 1619 sedecim
470 1564 577 1620 annis:
600 1572 687 1619 cetero
708 1564 891 1619 mandaturos
909 1563 958 1619 ubi

63 1668 152 1739 prima
169 1670 372 1743 provenissent.
412 1667 545 1724 Profecto
563 1668 677 1744 juvene,
690 1667 832 1723 modicum
850 1666 954 1733 otium;

69 1768 111 1825 sed
132 1771 277 1848 superbire
299 1771 389 1840 miles,
412 1772 488 1848 qued
509 1772 584 1828 filius
607 1771 693 1847 legati
714 1780 808 1828 orator
828 1772 955 1848 publicae

69 1891 156 1933 causae
178 1878 248 1934 satis
275 1877 435 1935 ostenderet
458 1879 625 1935 necessitate
652 1895 783 1953 expressa
810 1896 881 1953 quae
906 1895 956 1953 per

68 1979 221 2038 modestiam
234 2000 292 2038 non
306 1982 500 2040 obtinuissent.

101 2083 164 2143 XX.
204 2085 318 2144 Interea
330 2087 466 2164 manipuli
478 2095 544 2145 ante
558 2094 686 2164 coeptam
700 2085 864 2144 seditionem
876 2085 956 2142 Nau-

68 2198 169 2264 portum
181 2192 261 2249 missi
275 2193 311 2249 cb
324 2193 425 2250 itinera
438 2202 466 2250 et
476 2201 577 2270 pontes
591 2202 619 2250 et
632 2193 702 2250 alios
715 2212 792 2260 usus,
804 2200 954 2269 postquam

68 2295 200 2353 turbatum
212 2297 243 2352 in
257 2298 356 2355 castris
370 2296 514 2375 adcepere,
525 2298 628 2355 vexilla
640 2298 811 2367 convellunt,
826 2298 956 2374 direptis·

69 2416 116 2472 que
138 2402 270 2478 proximis
294 2403 363 2459 vicis
386 2403 503 2479 ipseque
527 2402 683 2480 Nauporto,
708 2403 784 2481 quod
810 2403 955 2480 municipii

69 2501 147 2562 iustu
165 2516 234 2575 erat,
248 2508 395 2564 retinentis
414 2508 591 2566 centuriones
613 2509 702 2566 inrisu
720 2518 748 2565 et
769 2509 953 2577 contumeliis,

69 2619 198 2684 postrem0
222 2613 386 2670 verberibus
406 2614 597 2682 insectantur3
626 2616 776 2692 praecipua
795 2616 825 2671 in
844 2614 954 2671 Aufidi-

67 2730 142 2771 enum
156 2717 265 2774 Rufum
278 2718 452 2795 praefectum
466 2729 624 2777 castrorum
642 2721 692 2788 ira,
707 2740 791 2797 quem
806 2719 952 2795 dereptum

67 2819 186 2880 vehiculo
200 2824 317 2880 sarcinis
330 2832 450 2900 gravant
463 2835 606 2903 aguntque
619 2827 709 2904 primo
722 2827 752 2882 in
766 2825 886 2901 agmine,
904 2842 955 2900 per

66 2922 208 2985 ludurium
222 2930 396 3005 rogitantes:
417 2950 456 2987 an
470 2940 528 2988 tum
542 2933 672 2988 inmensa
692 2949 786 2997 onera,
801 2938 859 2986 tom
873 2926 954 3004 longa

65 3030 159 3091 itinera
180 3034 295 3093 libenter
304 3034 426 3109 ferret?
468 3036 579 3113 Quippe
594 3035 689 3093 Rufus
703 3036 751 3092 diu
763 3033 954 3111 manipularis,

63 3134 121 3194 dein
135 3142 268 3209 centurio,
282 3159 348 3196 mox
361 3142 459 3198 castris
469 3142 636 3219 praefectus,
646 3142 788 3218 antiquam
799 3140 954 3217 duramque

64 3243 185 3302 militiam
194 3247 353 3314 revocabat,
364 3248 488 3305 intentus
503 3249 595 3325 operis
609 3267 642 3304 ae
655 3246 768 3316 laboris,
783 3256 811 3303 et
825 3267 859 3303 eo
872 3247 955 3303 inmi-

64 3347 114 3404 tior
126 3352 190 3426 quia
202 3352 380 3409 toleraverat.

102 3453 180 3515 XXI.
221 3458 334 3516 Horum
354 3457 477 3514 adventu
497 3456 704 3534 redintegratur
724 3457 832 3525 seditio,
847 3465 876 3512 et
888 3457 954 3531 vagi

65 3550 233 3632 eucumjecta
266 3555 479 3633 populabantur.
541 3553 659 3612 Blaesus
692 3573 805 3631 paucos,
832 3552 953 3609 maxime
