2242 3992
353 353 530 395 tunsurus(
550 352 649 392 niuea
670 352 692 392 r.
929 332 969 390 85

70 494 174 553 militie
200 493 341 551 ammodo
367 493 408 550 ad
436 501 565 550 scaamm
596 491 726 567 rejiciat:
759 486 878 546 eundem
907 507 969 564 crya

68 610 201 660 amatam
227 598 435 667 comedendam,
462 599 586 674 quotieas
616 594 757 672 comicia
786 604 837 652 aar
858 592 969 669 proelia

70 706 256 764 indicantur:
278 725 318 762 aa
326 707 460 781 praemia
472 703 522 761 aad
534 704 666 772 dominre,
674 721 782 779 menae
794 701 855 759 siae
867 700 969 757 arbitro

70 807 157 866 ease?

110 911 242 970 XXVII.
276 911 422 970 Postremo
436 911 568 970 desenmt
580 910 720 969 tribunal:
738 919 771 968 ut
783 911 847 988 quis
860 918 970 989 praeto·

72 1017 218 1075 rianorum
237 1017 359 1074 militum
375 1019 564 1075 amicorumve
580 1017 708 1076 Caesaris
723 1018 893 1085 obcurreret,
910 1037 969 1075 ma·

73 1142 126 1181 uus
158 1122 338 1192 intentantes,
371 1142 483 1181 causam
511 1122 667 1181 discordiae
688 1131 717 1180 et
738 1124 849 1180 initium
878 1142 969 1180 armo·

74 1247 155 1297 rum;
178 1228 299 1285 maxime
322 1227 426 1285 infensi
441 1229 495 1287 Cu.
511 1228 644 1297 Lentulo,
658 1228 735 1306 quod
755 1229 788 1301 is,
811 1238 876 1286 ante
900 1229 970 1286 alios

74 1343 163 1392 aetate
187 1343 216 1391 et
239 1335 330 1411 gloria
349 1335 425 1403 belli,
453 1335 565 1392 firmare
590 1334 718 1392 Drusum
744 1333 917 1404 credebatur,
942 1344 971 1391 et

75 1440 123 1498 illa
134 1439 252 1497 militiae
265 1438 372 1515 flagitia
384 1440 490 1516 primus
508 1439 679 1517 adspernari.
720 1439 782 1498 Nec
799 1440 889 1498 multo
908 1448 971 1517 post

77 1543 278 1621 digredientem
299 1562 362 1629 cum
385 1542 507 1602 Caesare
528 1563 561 1600 ac
581 1545 695 1621 provisu
713 1545 830 1622 periculi
853 1544 971 1602 hiberna

76 1659 163 1706 castra
172 1656 347 1725 repetentem
355 1649 571 1718 circumsistunt,
582 1650 745 1726 rogitantes,
755 1671 809 1727 quo
818 1649 970 1727 peryeret?

78 1744 113 1812 ad
132 1755 331 1832 imperatorem
354 1774 394 1812 aa
421 1756 461 1812 ad
476 1754 599 1831 patres?
630 1766 662 1812 ut
688 1754 745 1812 illic
771 1775 877 1832 qaoque
900 1775 972 1813 com·

79 1862 161 1918 modis
184 1859 325 1936 karorum
355 1858 581 1917 adversaretur?
614 1858 704 1917 Simul
733 1860 877 1936 ingruunt,
905 1879 971 1917 sexa

77 1968 199 2042 jaciunt:
220 1966 337 2043 jamque
357 1964 456 2041 lapidis
480 1966 537 2023 ictu
559 1974 691 2022 cruentus
716 1974 744 2021 et
767 1966 844 2022 exitii
868 1973 970 2033 certus,

80 2072 194 2129 adcursu
214 2070 409 2141 multitudinis,
434 2090 505 2148 quae
527 2090 592 2128 cum
609 2069 706 2128 Druso
726 2071 885 2141 advenerat,
906 2090 970 2149 pro-

80 2186 164 2234 tectus
178 2186 231 2234 est.

43 2256 46 2263 ⁴
117 2280 259 2340 XXVIII.
301 2278 421 2338 Noctem
442 2280 579 2338 miuacem
601 2289 629 2338 et
650 2282 680 2338 in
698 2281 789 2339 scelus
810 2289 971 2358 erupturam

81 2387 136 2445 fors
149 2387 266 2454 leuivit;
285 2404 351 2442 nam
366 2385 433 2443 luna
452 2386 526 2443 claro
545 2395 660 2463 repente
681 2387 758 2444 caelo
776 2387 837 2445 visa
856 2387 971 2464 langue·

82 2513 163 2551 scere.
204 2492 239 2550 Id
257 2490 338 2548 miles
351 2491 466 2548 rationis
484 2492 599 2567 ignarus
620 2510 702 2547 omen
716 2492 904 2568 praesentium
922 2491 971 2548 ad·

83 2599 158 2676 cepit,
176 2618 208 2655 aa
227 2597 284 2654 suis
302 2596 444 2653 laboribus
466 2594 652 2653 defectionem
672 2596 770 2653 sideris
791 2595 970 2664 adsimulans,

80 2722 259 2780 prospaequc
275 2721 386 2759 cessura
403 2721 474 2776 qaae
481 2711 637 2777 percercat,
654 2700 786 2777 eifulqor
799 2712 825 2758 et
836 2700 971 2759 claritudo

83 2809 146 2865 deae
157 2809 333 2866 redderetur:
350 2806 435 2882 igitur
449 2806 521 2864 aeris
540 2826 618 2874 sono,
635 2808 766 2864 tubarum
780 2826 971 2884 cornuumque

86 2921 215 2970 concentu
242 2920 385 2988 strepere;
412 2920 495 2988 prout
515 2912 686 2989 splendidior
706 2913 893 2982 obscuriorve,
914 2913 972 2972 lae·

84 3019 136 3075 tari
147 3028 193 3076 aut
205 3037 330 3076 maerere
342 3040 349 3086 ;
363 3025 391 3075 et
405 3005 552 3094 postquam
566 3026 644 3075 ortae
657 3018 746 3075 nubes
757 3019 885 3076 obfecere
899 3020 971 3077 visui

13 3190 14 3193 Ἴ
85 3123 268 3202 creditumque
281 3122 423 3181 conditam
435 3123 567 3192 tenebris,
578 3132 610 3180 ut
623 3131 689 3180 suut
700 3122 819 3182 mobiles
832 3124 868 3182 ad
876 3145 972 3203 super·

13 3222 15 3329 i
87 3228 218 3287 stitiouem
231 3228 376 3307 perculsae
397 3228 483 3285 semel
500 3236 617 3297 mentes,
631 3229 685 3285 sibi
697 3239 841 3287 aeteram
853 3229 972 3289 lahorem

14 3364 15 3407 g
81 3337 211 3407 pertendi,
225 3336 419 3409 saafacr'aora
433 3335 560 3392 acaeari
572 3335 633 3391 deoc
645 3334 842 3392 lamentantur.
881 3335 971 3393 Uten-

89 3435 150 3494 dum
166 3440 342 3498 inclinatione
361 3458 395 3496 ea
409 3438 522 3509 Caesar,
541 3447 571 3496 et
589 3459 660 3515 quae
682 3459 762 3497 casus
784 3441 923 3498 obtulerat
942 3441 971 3497 in

92 3542 244 3618 sapientiem
257 3543 393 3602 vertenda
406 3552 492 3612 ratus,
502 3543 643 3601 circumiri
656 3544 776 3601 tentoria
785 3544 875 3618 jubet.
911 3543 971 3600 Ad·

839 3663 851 3702 1
