2242 3992
153 339 193 399 26
526 356 673 397 ramnus.

151 494 191 550 ita
205 492 366 551 Occidentis
381 494 479 550 insulis
495 494 634 570 terrisque
654 493 754 562 inesse,
772 491 953 555 crediderim
972 505 1043 565 quae

151 599 235 656 vicini
250 599 315 656 solis
334 598 417 656 radiis
436 617 567 677 expressa
583 609 667 677 atque
686 598 821 675 liquentia
838 598 867 653 in
888 595 1043 673 proximum
1108 606 1109 609 ’

151 722 228 761 mare
242 704 383 773 labuntur,
402 723 435 761 ac
448 705 477 761 vi
490 675 689 782 tempestatum
706 704 736 760 in
754 703 871 760 adversa
887 701 985 758 littora
996 718 1042 755 ex·

152 816 266 873 undant.
302 815 333 874 Si
346 824 475 874 naturam
489 817 595 873 succini
609 815 721 873 admoto
731 815 789 892 igni
802 821 930 890 temptes,
940 811 971 867 in
983 829 1043 866 mo·

151 920 218 978 dum
230 921 311 978 tedae
324 922 492 990 accenditur,
507 921 612 998 alitque
625 921 765 978 flammam
778 921 910 998 pinguem
924 926 953 974 et
966 915 1042 973 olen·

149 1038 225 1087 tem:
246 1050 311 1087 mox
329 1038 360 1087 ut
378 1031 407 1087 in
423 1031 512 1108 picem
530 1031 687 1087 resinamve
704 1028 841 1086 lentescit.
893 1025 1041 1084 Suionibus

152 1133 279 1193 Sitonum
296 1145 394 1212 gentes
415 1137 622 1193 continuantur.
664 1135 766 1193 Cetera
784 1134 889 1191 similes
909 1151 967 1188 uno
987 1130 1040 1187 dif-

148 1241 251 1310 ferunt,
273 1240 349 1317 quod
371 1241 476 1299 femina
499 1241 674 1299 dominatura
702 1241 732 1297 in
750 1248 859 1297 tantum
878 1257 936 1297 non
956 1235 1040 1293 modo

148 1346 305 1409 alibertate
320 1346 370 1404 sed
390 1349 473 1405 etiam
491 1368 509 1405 a
525 1349 658 1406 servitute
677 1348 862 1425 degenerant
897 1346 955 1403 Hic
970 1345 1038 1403 Sue·

147 1452 209 1508 viae
223 1452 296 1509 finis.

194 1559 302 1618 XLVI.
353 1559 537 1618 Peucinorum
564 1561 798 1639 Venedorumque
825 1571 853 1619 et
880 1561 1040 1619 Fennorum

145 1667 270 1724 nationes
285 1665 435 1724 Germanis
445 1687 481 1724 an
497 1667 632 1726 Sannatis
646 1668 810 1736 adscribam,
822 1668 928 1736 dubito,
942 1668 1038 1744 quam·
1108 1646 1109 1653 ,

147 1792 231 1849 quam
245 1771 369 1841 Peucini,
391 1793 461 1849 quos
480 1773 594 1850 quidam
610 1773 761 1831 Bastarnas
780 1782 890 1841 vocant,
908 1791 1038 1829 sermone
1108 1780 1109 1841 3

145 1878 221 1935 cultu
249 1878 315 1935 sede
342 1898 376 1935 ac
403 1877 548 1936 domiciliis
570 1887 603 1936 ut
627 1878 762 1938 Germani
788 1887 885 1955 agimt.
935 1877 1037 1936 Sordes

144 1985 268 2041 omnium
288 2004 321 2041 ac
341 1993 456 2062 torpor:
477 2003 625 2061 procerum
645 1984 790 2041 connubiis
803 1984 897 2040 mixtis
910 1982 1038 2040 nonnihil

143 2093 172 2148 in
189 2090 378 2149 Sarmatarum
391 2089 517 2147 habitum
537 2090 695 2147 foedantur.
735 2088 843 2147 Venedi
865 2087 986 2146 multum
1004 2107 1037 2145 ex

145 2198 269 2253 moribus
283 2204 437 2253 traxerunt.
478 2194 553 2253 Nam
567 2195 702 2273 quidquid
721 2196 794 2252 inter
810 2195 949 2253 Peucinos
965 2195 1037 2252 Fen·

143 2321 250 2377 nosque
274 2301 407 2357 silvarum
431 2320 465 2358 ac
487 2302 625 2358 montium
646 2302 771 2378 erigitur,
799 2301 951 2359 latrociniis
975 2320 1038 2378 per·

146 2414 263 2463 errant:
282 2406 320 2462 'hi
346 2421 441 2462 tamen
464 2406 537 2463 inter
566 2407 723 2465 Germanos
750 2408 841 2485 potius
869 2406 1038 2473 referrmtm,

144 2513 210 2589 quia
222 2521 251 2568 et
272 2504 368 2569 domos
386 2511 496 2587 fingunt
518 2521 547 2569 et
564 2520 643 2569 scuta
662 2521 773 2588 gestant
794 2520 823 2568 et
840 2512 966 2589 peditum
987 2532 1039 2569 usu

143 2638 176 2676 ac
200 2618 363 2695 pernicitate
384 2617 525 2695 gaudeut;
555 2637 628 2695 quae
654 2618 748 2674 omnia
770 2617 880 2674 diversa
903 2616 1038 2675 Sarmatis

145 2733 218 2794 sunt,
246 2725 275 2781 in
302 2724 427 2801 plaustro
453 2743 581 2800 equoque
608 2724 776 2782 viventibus.
831 2724 935 2781 Fennis
966 2724 1040 2781 mira

144 2830 249 2898 feritas,
270 2830 354 2887 foeda
373 2838 538 2907 paupertas:
558 2849 616 2886 non
640 2849 726 2898 arma,
744 2850 801 2887 non
821 2831 894 2907 equi,
913 2849 972 2886 non
992 2849 1040 2906 pe-
1108 2884 1109 2895 ,

145 2943 244 2992 natesr
264 2935 350 2994 victui
363 2934 459 3003 herba,
473 2936 588 2993 vestitui
608 2935 704 3012 pelles,
726 2936 816 2993 cubile
835 2935 957 2993 humus:
979 2935 1040 2993 sola

144 3040 174 3096 in
202 3040 310 3115 sagittis
338 3059 411 3116 spes,
434 3060 512 3117 quas,
540 3041 634 3119 inopia
652 3041 730 3109 ferri,
754 3042 863 3099 ossibus
887 3050 1039 3119 asperent:

145 3144 274 3220 idemque
287 3152 404 3201 venatus
417 3145 493 3201 viros
512 3146 620 3222 pariter
639 3166 672 3203 ac
692 3146 811 3204 feminas
829 3146 887 3203 alit.
928 3146 1041 3204 Passim

148 3250 223 3311 enim
236 3249 412 3318 comitantur,
433 3259 596 3329 partemque
609 3252 728 3328 praedae
741 3261 848 3330 petunt.
889 3252 952 3310 Nec
965 3252 1045 3312 aliud
1108 3268 1109 3275 ’

148 3355 302 3413 infantibus
316 3354 439 3411 ferarum
451 3356 638 3433 imbriumque
662 3358 832 3434 subfuginm,
853 3377 938 3434 quam
958 3368 991 3416 ut
1012 3359 1043 3416 in

146 3458 239 3534 aliquo
252 3474 393 3514 ramorum
406 3475 480 3513 nexu
493 3467 696 3535 contegantur:
714 3459 770 3517 huc
783 3460 900 3519 redeunt
910 3460 1045 3536 juvenes,

146 3566 199 3622 hoc
213 3583 311 3623 senum
324 3565 537 3643 receptaculum.
580 3566 637 3625 Sed
648 3568 757 3626 beatius
770 3569 943 3629 arbitrantur
956 3591 1044 3648 quam
