<?xml version="1.0" encoding="UTF-8"?>
<!DOCTYPE html PUBLIC "-//W3C//DTD XHTML 1.0 Transitional//EN"
    "http://www.w3.org/TR/xhtml1/DTD/xhtml1-transitional.dtd">
<html xmlns="http://www.w3.org/1999/xhtml" xml:lang="en" lang="en">
 <head>
  <title>
</title>
<meta http-equiv="Content-Type" content="text/html;charset=utf-8" />
  <meta name='ocr-system' content='tesseract 3.04.00' />
  <meta name='ocr-capabilities' content='ocr_page ocr_carea ocr_par ocr_line ocrx_word'/>
</head>
<body>
  <div class='ocr_page' id='page_1' title='image "./germaniaagricol00btgoog_0147.png"; bbox 0 0 2242 3992; ppageno 0'>
   <div class='ocr_carea' id='block_1_1' title="bbox 374 316 937 398">
    <p class='ocr_par' dir='ltr' id='par_1_1' title="bbox 374 316 937 398">
     <span class='ocr_line' id='line_1_1' title="bbox 374 316 937 398; baseline -0.007 -2"><span class='ocrx_word' id='word_1_1' title='bbox 374 316 380 337; x_wconf 63' lang='lat'><strong><em>‘</em></strong></span> <span class='ocrx_word' id='word_1_2' title='bbox 408 356 583 398; x_wconf 74' lang='lat' dir='ltr'>aerisona,</span> <span class='ocrx_word' id='word_1_3' title='bbox 902 337 937 393; x_wconf 88' lang='grc'>61</span> 
     </span>
    </p>
   </div>
   <div class='ocr_carea' id='block_1_2' title="bbox 18 491 954 1838">
    <p class='ocr_par' dir='ltr' id='par_1_2' title="bbox 18 491 954 1838">
     <span class='ocr_line' id='line_1_2' title="bbox 18 491 941 572; baseline 0.004 -24"><span class='ocrx_word' id='word_1_4' title='bbox 18 518 20 571; x_wconf 65' lang='grc' dir='ltr'>ι</span> <span class='ocrx_word' id='word_1_5' title='bbox 63 491 218 567; x_wconf 87' lang='lat' dir='ltr'>poscebatur</span> <span class='ocrx_word' id='word_1_6' title='bbox 250 511 299 549; x_wconf 88' lang='lat' dir='ltr'>ore</span> <span class='ocrx_word' id='word_1_7' title='bbox 328 492 405 570; x_wconf 82' lang='lat' dir='ltr'>vulgi</span> <span class='ocrx_word' id='word_1_8' title='bbox 440 493 495 555; x_wconf 81' lang='lat' dir='ltr'>dux</span> <span class='ocrx_word' id='word_1_9' title='bbox 525 495 683 571; x_wconf 81' lang='lat' dir='ltr'>Agricola:</span> <span class='ocrx_word' id='word_1_10' title='bbox 717 495 941 572; x_wconf 75' lang='lat' dir='ltr'>comparantibus</span> 
     </span>
     <span class='ocr_line' id='line_1_3' title="bbox 18 598 942 679; baseline 0.001 -22"><span class='ocrx_word' id='word_1_11' title='bbox 18 612 19 657; x_wconf 70' lang='grc' dir='ltr'>ἶ</span> <span class='ocrx_word' id='word_1_12' title='bbox 68 599 159 654; x_wconf 72' lang='lat' dir='ltr'>cuncus</span> <span class='ocrx_word' id='word_1_13' title='bbox 185 598 312 675; x_wconf 85' lang='lat' dir='ltr'>vigorem</span> <span class='ocrx_word' id='word_1_14' title='bbox 341 602 526 661; x_wconf 75' lang='lat' dir='ltr'>constantiam</span> <span class='ocrx_word' id='word_1_15' title='bbox 551 610 580 661; x_wconf 89' lang='lat' dir='ltr'>et</span> <span class='ocrx_word' id='word_1_16' title='bbox 605 611 750 679; x_wconf 84' lang='lat' dir='ltr'>expertum</span> <span class='ocrx_word' id='word_1_17' title='bbox 774 601 856 658; x_wconf 89' lang='lat' dir='ltr'>bellis</span> <span class='ocrx_word' id='word_1_18' title='bbox 883 601 942 658; x_wconf 87' lang='lat' dir='ltr'>ani·</span> 
     </span>
     <span class='ocr_line' id='line_1_4' title="bbox 18 680 942 791; baseline 0.005 -28"><span class='ocrx_word' id='word_1_19' title='bbox 18 776 19 785; x_wconf 10' lang='grc' dir='ltr'>ι</span> <span class='ocrx_word' id='word_1_20' title='bbox 68 726 131 764; x_wconf 90' lang='lat' dir='ltr'>num</span> <span class='ocrx_word' id='word_1_21' title='bbox 144 727 206 765; x_wconf 89' lang='lat' dir='ltr'>curn</span> <span class='ocrx_word' id='word_1_22' title='bbox 220 708 321 765; x_wconf 88' lang='lat' dir='ltr'>inertia</span> <span class='ocrx_word' id='word_1_23' title='bbox 337 717 366 766; x_wconf 85' lang='lat' dir='ltr'>et</span> <span class='ocrx_word' id='word_1_24' title='bbox 380 709 530 767; x_wconf 86' lang='lat' dir='ltr'>formidine</span> <span class='ocrx_word' id='word_1_25' title='bbox 544 680 673 791; x_wconf 53' lang='lat' dir='ltr'>{eorum</span> <span class='ocrx_word' id='word_1_26' title='bbox 709 711 818 775; x_wconf 82' lang='lat' dir='ltr'>Quibus</span> <span class='ocrx_word' id='word_1_27' title='bbox 837 730 942 768; x_wconf 89' lang='lat' dir='ltr'>sermo·</span> 
     </span>
     <span class='ocr_line' id='line_1_5' title="bbox 18 811 942 892; baseline 0.006 -26"><span class='ocrx_word' id='word_1_28' title='bbox 18 824 19 839; x_wconf 67' lang='lat'><em>³</em></span> <span class='ocrx_word' id='word_1_29' title='bbox 67 811 134 868; x_wconf 87' lang='lat' dir='ltr'>orbus</span> <span class='ocrx_word' id='word_1_30' title='bbox 153 813 221 869; x_wconf 90' lang='lat' dir='ltr'>satis</span> <span class='ocrx_word' id='word_1_31' title='bbox 241 822 350 871; x_wconf 82' lang='lat' dir='ltr'>constat</span> <span class='ocrx_word' id='word_1_32' title='bbox 370 812 526 872; x_wconf 89' lang='lat' dir='ltr'>Domitiani</span> <span class='ocrx_word' id='word_1_33' title='bbox 545 835 656 892; x_wconf 88' lang='lat' dir='ltr'>quoqne</span> <span class='ocrx_word' id='word_1_34' title='bbox 676 835 757 873; x_wconf 91' lang='lat' dir='ltr'>aures</span> <span class='ocrx_word' id='word_1_35' title='bbox 773 815 942 881; x_wconf 85' lang='lat' dir='ltr'>verberatas,</span> 
     </span>
     <span class='ocr_line' id='line_1_6' title="bbox 18 908 943 998; baseline 0.006 -26"><span class='ocrx_word' id='word_1_36' title='bbox 18 908 19 911; x_wconf 28' lang='lat'>¹</span> <span class='ocrx_word' id='word_1_37' title='bbox 68 914 121 972; x_wconf 88' lang='lat' dir='ltr'>dnm</span> <span class='ocrx_word' id='word_1_38' title='bbox 139 918 258 994; x_wconf 86' lang='lat' dir='ltr'>optimus</span> <span class='ocrx_word' id='word_1_39' title='bbox 280 918 396 994; x_wconf 87' lang='lat' dir='ltr'>quisque</span> <span class='ocrx_word' id='word_1_40' title='bbox 416 918 580 976; x_wconf 86' lang='lat' dir='ltr'>libertorum</span> <span class='ocrx_word' id='word_1_41' title='bbox 598 938 693 977; x_wconf 89' lang='lat' dir='ltr'>amore</span> <span class='ocrx_word' id='word_1_42' title='bbox 711 929 739 977; x_wconf 92' lang='lat' dir='ltr'>et</span> <span class='ocrx_word' id='word_1_43' title='bbox 752 920 816 988; x_wconf 91' lang='lat' dir='ltr'>fide,</span> <span class='ocrx_word' id='word_1_44' title='bbox 830 921 943 998; x_wconf 84' lang='lat' dir='ltr'>pessimi</span> 
     </span>
     <span class='ocr_line' id='line_1_7' title="bbox 18 1021 944 1111; baseline 0.01 -36"><span class='ocrx_word' id='word_1_45' title='bbox 18 1098 20 1111; x_wconf 21' lang='grc' dir='ltr'>μ</span> <span class='ocrx_word' id='word_1_46' title='bbox 68 1021 230 1105; x_wconf 53' lang='grc' dir='ltr'>ιιιιιιςιιιιιιιἱ</span> <span class='ocrx_word' id='word_1_47' title='bbox 243 1031 272 1079; x_wconf 92' lang='lat' dir='ltr'>et</span> <span class='ocrx_word' id='word_1_48' title='bbox 290 1023 386 1089; x_wconf 87' lang='lat' dir='ltr'>livore,</span> <span class='ocrx_word' id='word_1_49' title='bbox 400 1043 520 1100; x_wconf 91' lang='lat' dir='ltr'>pronum</span> <span class='ocrx_word' id='word_1_50' title='bbox 533 1024 716 1083; x_wconf 83' lang='lat' dir='ltr'>deterioribus</span> <span class='ocrx_word' id='word_1_51' title='bbox 729 1027 883 1104; x_wconf 88' lang='lat' dir='ltr'>principem</span> <span class='ocrx_word' id='word_1_52' title='bbox 896 1047 944 1084; x_wconf 87' lang='lat' dir='ltr'>ex·</span> 
     </span>
     <span class='ocr_line' id='line_1_8' title="bbox 18 1126 944 1205; baseline 0.006 -22"><span class='ocrx_word' id='word_1_53' title='bbox 18 1174 19 1183; x_wconf 70' lang='grc'>,</span> <span class='ocrx_word' id='word_1_54' title='bbox 68 1126 240 1187; x_wconf 69' lang='lat' dir='ltr'>stimulabant.</span> <span class='ocrx_word' id='word_1_55' title='bbox 283 1128 330 1186; x_wconf 89' lang='lat' dir='ltr'>Sic</span> <span class='ocrx_word' id='word_1_56' title='bbox 350 1130 486 1205; x_wconf 78' lang='lat' dir='ltr'>Agricola</span> <span class='ocrx_word' id='word_1_57' title='bbox 506 1130 590 1187; x_wconf 89' lang='lat' dir='ltr'>simul</span> <span class='ocrx_word' id='word_1_58' title='bbox 610 1132 667 1188; x_wconf 90' lang='lat' dir='ltr'>suis</span> <span class='ocrx_word' id='word_1_59' title='bbox 687 1132 844 1199; x_wconf 87' lang='lat' dir='ltr'>virtutibus,</span> <span class='ocrx_word' id='word_1_60' title='bbox 862 1132 944 1189; x_wconf 90' lang='lat' dir='ltr'>simul</span> 
     </span>
     <span class='ocr_line' id='line_1_9' title="bbox 28 1220 954 1331; baseline 0.009 -42"><span class='ocrx_word' id='word_1_61' title='bbox 28 1292 29 1299; x_wconf 10' lang='grc' dir='ltr'>ι</span> <span class='ocrx_word' id='word_1_62' title='bbox 67 1231 128 1291; x_wconf 80' lang='lat' dir='ltr'>vitiis</span> <span class='ocrx_word' id='word_1_63' title='bbox 140 1234 268 1302; x_wconf 90' lang='lat' dir='ltr'>aliorum,</span> <span class='ocrx_word' id='word_1_64' title='bbox 282 1235 413 1311; x_wconf 89' lang='lat' dir='ltr'>inipsam</span> <span class='ocrx_word' id='word_1_65' title='bbox 425 1236 545 1331; x_wconf 72' lang='lat' dir='ltr'>gloriam</span> <span class='ocrx_word' id='word_1_66' title='bbox 555 1244 689 1314; x_wconf 72' lang='lat' dir='ltr'>&#39;praeceps</span> <span class='ocrx_word' id='word_1_67' title='bbox 703 1220 846 1314; x_wconf 68' lang='lat' dir='ltr'>agebatur.</span> <span class='ocrx_word' id='word_1_68' title='bbox 939 1258 954 1272; x_wconf 70' lang='lat'><strong><em>‘</em></strong></span> 
     </span>
     <span class='ocr_line' id='line_1_10' title="bbox 100 1337 945 1420; baseline 0.008 -25"><span class='ocrx_word' id='word_1_69' title='bbox 100 1337 188 1397; x_wconf 86' lang='lat' dir='ltr'><strong>XLII.</strong></span> <span class='ocrx_word' id='word_1_70' title='bbox 231 1339 340 1397; x_wconf 88' lang='lat' dir='ltr'>Aderat</span> <span class='ocrx_word' id='word_1_71' title='bbox 353 1342 414 1417; x_wconf 85' lang='lat' dir='ltr'>jam</span> <span class='ocrx_word' id='word_1_72' title='bbox 431 1360 530 1410; x_wconf 65' lang='lat' dir='ltr'>annus</span> <span class='ocrx_word' id='word_1_73' title='bbox 548 1354 604 1419; x_wconf 85' lang='lat' dir='ltr'>quo</span> <span class='ocrx_word' id='word_1_74' title='bbox 617 1345 843 1420; x_wconf 87' lang='lat' dir='ltr'>proconsulatum</span> <span class='ocrx_word' id='word_1_75' title='bbox 858 1345 945 1403; x_wconf 86' lang='lat' dir='ltr'>Asiae</span> 
     </span>
     <span class='ocr_line' id='line_1_11' title="bbox 18 1424 945 1527; baseline 0.01 -28"><span class='ocrx_word' id='word_1_76' title='bbox 18 1424 20 1435; x_wconf 40' lang='grc' dir='ltr'>Ι</span> <span class='ocrx_word' id='word_1_77' title='bbox 68 1449 91 1498; x_wconf 87' lang='lat' dir='ltr'>et</span> <span class='ocrx_word' id='word_1_78' title='bbox 106 1443 218 1502; x_wconf 86' lang='lat' dir='ltr'>Africae</span> <span class='ocrx_word' id='word_1_79' title='bbox 232 1446 397 1514; x_wconf 86' lang='lat' dir='ltr'>sortiretur;</span> <span class='ocrx_word' id='word_1_80' title='bbox 417 1454 445 1503; x_wconf 92' lang='lat' dir='ltr'>et</span> <span class='ocrx_word' id='word_1_81' title='bbox 464 1447 556 1504; x_wconf 87' lang='lat' dir='ltr'>occiso</span> <span class='ocrx_word' id='word_1_82' title='bbox 571 1448 668 1506; x_wconf 90' lang='lat' dir='ltr'>Civica</span> <span class='ocrx_word' id='word_1_83' title='bbox 681 1469 778 1526; x_wconf 84' lang='lat' dir='ltr'>nuper,</span> <span class='ocrx_word' id='word_1_84' title='bbox 792 1469 844 1508; x_wconf 89' lang='lat' dir='ltr'>nec</span> <span class='ocrx_word' id='word_1_85' title='bbox 858 1451 945 1527; x_wconf 85' lang='lat' dir='ltr'>Agri·</span> 
     </span>
     <span class='ocr_line' id='line_1_12' title="bbox 18 1528 945 1630; baseline 0.006 -25"><span class='ocrx_word' id='word_1_86' title='bbox 18 1542 21 1553; x_wconf 84' lang='lat'>&#39;</span> <span class='ocrx_word' id='word_1_87' title='bbox 69 1547 134 1605; x_wconf 88' lang='lat' dir='ltr'>colae</span> <span class='ocrx_word' id='word_1_88' title='bbox 145 1528 296 1621; x_wconf 66' lang='lat' dir='ltr'>obnsilium</span> <span class='ocrx_word' id='word_1_89' title='bbox 310 1550 413 1619; x_wconf 88' lang='lat' dir='ltr'>deerat,</span> <span class='ocrx_word' id='word_1_90' title='bbox 430 1570 483 1609; x_wconf 90' lang='lat' dir='ltr'>nec</span> <span class='ocrx_word' id='word_1_91' title='bbox 497 1550 661 1610; x_wconf 89' lang='lat' dir='ltr'>Domitiano</span> <span class='ocrx_word' id='word_1_92' title='bbox 675 1553 842 1630; x_wconf 81' lang='lat' dir='ltr'>exemplum.</span> <span class='ocrx_word' id='word_1_93' title='bbox 883 1553 945 1611; x_wconf 89' lang='lat' dir='ltr'>Ad-</span> 
     </span>
     <span class='ocr_line' id='line_1_13' title="bbox 70 1655 945 1734; baseline 0.005 -24"><span class='ocrx_word' id='word_1_94' title='bbox 70 1671 163 1711; x_wconf 87' lang='lat' dir='ltr'>cessere</span> <span class='ocrx_word' id='word_1_95' title='bbox 177 1655 292 1732; x_wconf 89' lang='lat' dir='ltr'>quidam</span> <span class='ocrx_word' id='word_1_96' title='bbox 306 1657 505 1732; x_wconf 80' lang='lat' dir='ltr'>cogitationum</span> <span class='ocrx_word' id='word_1_97' title='bbox 517 1658 650 1734; x_wconf 90' lang='lat' dir='ltr'>principis</span> <span class='ocrx_word' id='word_1_98' title='bbox 668 1658 758 1734; x_wconf 87' lang='lat' dir='ltr'>periti,</span> <span class='ocrx_word' id='word_1_99' title='bbox 773 1658 829 1733; x_wconf 91' lang='lat' dir='ltr'>qui,</span> <span class='ocrx_word' id='word_1_100' title='bbox 843 1658 945 1714; x_wconf 87' lang='lat' dir='ltr'>iturus-</span> 
     </span>
     <span class='ocr_line' id='line_1_14' title="bbox 69 1761 946 1838; baseline 0.007 -26"><span class='ocrx_word' id='word_1_101' title='bbox 69 1774 98 1813; x_wconf 88' lang='lat' dir='ltr'>ne</span> <span class='ocrx_word' id='word_1_102' title='bbox 111 1768 179 1817; x_wconf 88' lang='lat' dir='ltr'>esset</span> <span class='ocrx_word' id='word_1_103' title='bbox 196 1761 228 1816; x_wconf 92' lang='lat' dir='ltr'>in</span> <span class='ocrx_word' id='word_1_104' title='bbox 248 1762 427 1837; x_wconf 83' lang='lat' dir='ltr'>provinciam,</span> <span class='ocrx_word' id='word_1_105' title='bbox 451 1763 525 1825; x_wconf 91' lang='lat' dir='ltr'>ultro</span> <span class='ocrx_word' id='word_1_106' title='bbox 542 1762 705 1838; x_wconf 88' lang='lat' dir='ltr'>Agricolam</span> <span class='ocrx_word' id='word_1_107' title='bbox 725 1763 946 1837; x_wconf 86' lang='lat' dir='ltr'>interrogarent:</span> 
     </span>
    </p>
   </div>
   <div class='ocr_carea' id='block_1_3' title="bbox 70 1865 1040 1967">
    <p class='ocr_par' dir='ltr' id='par_1_3' title="bbox 70 1865 1040 1967">
     <span class='ocr_line' id='line_1_15' title="bbox 70 1865 1040 1967; baseline 0.009 -49"><span class='ocrx_word' id='word_1_108' title='bbox 70 1879 96 1918; x_wconf 87' lang='lat' dir='ltr'>ac</span> <span class='ocrx_word' id='word_1_109' title='bbox 106 1865 189 1939; x_wconf 88' lang='lat' dir='ltr'>primo</span> <span class='ocrx_word' id='word_1_110' title='bbox 203 1866 340 1937; x_wconf 82' lang='lat' dir='ltr'>occultius</span> <span class='ocrx_word' id='word_1_111' title='bbox 351 1867 481 1967; x_wconf 81' lang='lat' dir='ltr'>quietem</span> <span class='ocrx_word' id='word_1_112' title='bbox 483 1875 552 1947; x_wconf 68' lang='lat' dir='ltr'>etot</span> <span class='ocrx_word' id='word_1_113' title='bbox 552 1869 611 1924; x_wconf 91' lang='lat' dir='ltr'>ium</span> <span class='ocrx_word' id='word_1_114' title='bbox 623 1867 745 1934; x_wconf 90' lang='lat' dir='ltr'>laudare,</span> <span class='ocrx_word' id='word_1_115' title='bbox 753 1886 819 1923; x_wconf 83' lang='lat' dir='ltr'>mox</span> <span class='ocrx_word' id='word_1_116' title='bbox 833 1885 946 1943; x_wconf 88' lang='lat' dir='ltr'>operam</span> <span class='ocrx_word' id='word_1_117' title='bbox 1025 1924 1040 1931; x_wconf 78' lang='grc'>,,</span> 
     </span>
    </p>
   </div>
   <div class='ocr_carea' id='block_1_4' title="bbox 18 1948 1009 3647">
    <p class='ocr_par' dir='ltr' id='par_1_4' title="bbox 18 1948 948 3647">
     <span class='ocr_line' id='line_1_16' title="bbox 70 1948 947 2050; baseline -0.001 -21"><span class='ocrx_word' id='word_1_118' title='bbox 70 1986 135 2029; x_wconf 73' lang='lat' dir='ltr'>tuam</span> <span class='ocrx_word' id='word_1_119' title='bbox 147 1972 175 2027; x_wconf 94' lang='lat' dir='ltr'>in</span> <span class='ocrx_word' id='word_1_120' title='bbox 188 1950 370 2049; x_wconf 85' lang='lat' dir='ltr'>adprobanda</span> <span class='ocrx_word' id='word_1_121' title='bbox 378 1948 559 2032; x_wconf 77' lang='lat' dir='ltr'>excusatione</span> <span class='ocrx_word' id='word_1_122' title='bbox 580 1973 709 2030; x_wconf 86' lang='lat' dir='ltr'>obferre.</span> <span class='ocrx_word' id='word_1_123' title='bbox 730 1982 870 2050; x_wconf 90' lang='lat' dir='ltr'>postremo</span> <span class='ocrx_word' id='word_1_124' title='bbox 890 1991 947 2028; x_wconf 90' lang='lat' dir='ltr'>non</span> 
     </span>
     <span class='ocr_line' id='line_1_17' title="bbox 68 2071 948 2154; baseline 0.002 -21"><span class='ocrx_word' id='word_1_125' title='bbox 68 2071 116 2146; x_wconf 82' lang='lat' dir='ltr'>jau</span> <span class='ocrx_word' id='word_1_126' title='bbox 127 2077 245 2146; x_wconf 84' lang='lat' dir='ltr'>obscuri,</span> <span class='ocrx_word' id='word_1_127' title='bbox 260 2077 408 2137; x_wconf 84' lang='lat' dir='ltr'>suadentes</span> <span class='ocrx_word' id='word_1_128' title='bbox 426 2078 508 2137; x_wconf 89' lang='lat' dir='ltr'>simul</span> <span class='ocrx_word' id='word_1_129' title='bbox 524 2086 724 2154; x_wconf 86' lang='lat' dir='ltr'>terrentesque,</span> <span class='ocrx_word' id='word_1_130' title='bbox 738 2085 898 2154; x_wconf 82' lang='lat' dir='ltr'>pertraxere</span> <span class='ocrx_word' id='word_1_131' title='bbox 911 2076 948 2135; x_wconf 90' lang='lat' dir='ltr'>ad</span> 
     </span>
     <span class='ocr_line' id='line_1_18' title="bbox 71 2159 947 2265; baseline 0.006 -32"><span class='ocrx_word' id='word_1_132' title='bbox 71 2175 259 2265; x_wconf 84' lang='lat' dir='ltr'>Domitianum.</span> <span class='ocrx_word' id='word_1_133' title='bbox 310 2183 367 2246; x_wconf 84' lang='lat' dir='ltr'>Qui</span> <span class='ocrx_word' id='word_1_134' title='bbox 381 2159 493 2260; x_wconf 83' lang='lat' dir='ltr'>paratus</span> <span class='ocrx_word' id='word_1_135' title='bbox 508 2184 714 2252; x_wconf 85' lang='lat' dir='ltr'>simulatione,</span> <span class='ocrx_word' id='word_1_136' title='bbox 706 2203 735 2238; x_wconf 88' lang='grc' dir='ltr'>ιιι</span> <span class='ocrx_word' id='word_1_137' title='bbox 755 2181 947 2257; x_wconf 82' lang='lat' dir='ltr'>adrogantiam</span> 
     </span>
     <span class='ocr_line' id='line_1_19' title="bbox 18 2264 959 2375; baseline 0 -32"><span class='ocrx_word' id='word_1_138' title='bbox 18 2312 24 2361; x_wconf 65' lang='grc' dir='ltr'>ι</span> <span class='ocrx_word' id='word_1_139' title='bbox 70 2264 224 2362; x_wconf 71' lang='lat' dir='ltr'>conpositus,</span> <span class='ocrx_word' id='word_1_140' title='bbox 233 2297 262 2371; x_wconf 82' lang='grc' dir='ltr'>ιιι</span> <span class='ocrx_word' id='word_1_141' title='bbox 275 2288 361 2365; x_wconf 90' lang='lat' dir='ltr'>audiit</span> <span class='ocrx_word' id='word_1_142' title='bbox 374 2307 470 2375; x_wconf 86' lang='lat' dir='ltr'>preces</span> <span class='ocrx_word' id='word_1_143' title='bbox 484 2289 650 2357; x_wconf 85' lang='lat' dir='ltr'>excusantis,</span> <span class='ocrx_word' id='word_1_144' title='bbox 666 2297 703 2355; x_wconf 90' lang='lat' dir='ltr'>et,</span> <span class='ocrx_word' id='word_1_145' title='bbox 719 2307 783 2344; x_wconf 91' lang='lat' dir='ltr'>cum</span> <span class='ocrx_word' id='word_1_146' title='bbox 795 2287 959 2354; x_wconf 75' lang='lat' dir='ltr'>adnuisset,</span> 
     </span>
     <span class='ocr_line' id='line_1_20' title="bbox 18 2380 1009 2470; baseline 0.002 -21"><span class='ocrx_word' id='word_1_147' title='bbox 18 2380 25 2449; x_wconf 57' lang='lat' dir='ltr'>&#39;r</span> <span class='ocrx_word' id='word_1_148' title='bbox 68 2391 106 2465; x_wconf 76' lang='lat' dir='ltr'>agi</span> <span class='ocrx_word' id='word_1_149' title='bbox 118 2393 167 2451; x_wconf 90' lang='lat' dir='ltr'>sibi</span> <span class='ocrx_word' id='word_1_150' title='bbox 185 2394 291 2470; x_wconf 85' lang='lat' dir='ltr'>gratias</span> <span class='ocrx_word' id='word_1_151' title='bbox 304 2413 402 2470; x_wconf 87' lang='lat' dir='ltr'>passus</span> <span class='ocrx_word' id='word_1_152' title='bbox 417 2403 478 2451; x_wconf 88' lang='lat' dir='ltr'>est:</span> <span class='ocrx_word' id='word_1_153' title='bbox 499 2412 551 2451; x_wconf 87' lang='lat' dir='ltr'>nec</span> <span class='ocrx_word' id='word_1_154' title='bbox 570 2394 681 2450; x_wconf 85' lang='lat' dir='ltr'>erubuit</span> <span class='ocrx_word' id='word_1_155' title='bbox 694 2393 821 2450; x_wconf 86' lang='lat' dir='ltr'>beneficii</span> <span class='ocrx_word' id='word_1_156' title='bbox 835 2393 1009 2463; x_wconf 35' lang='lat' dir='ltr'>invidia*</span> 
     </span>
     <span class='ocr_line' id='line_1_21' title="bbox 18 2491 948 2575; baseline 0 -21"><span class='ocrx_word' id='word_1_157' title='bbox 18 2526 31 2563; x_wconf 58' lang='grc' dir='ltr'>χ</span> <span class='ocrx_word' id='word_1_158' title='bbox 70 2491 195 2555; x_wconf 67' lang='lat' dir='ltr'>&amp;unum</span> <span class='ocrx_word' id='word_1_159' title='bbox 208 2506 311 2567; x_wconf 74' lang='lat' dir='ltr'>umen,</span> <span class='ocrx_word' id='word_1_160' title='bbox 324 2499 515 2575; x_wconf 85' lang='lat' dir='ltr'>proconsulari</span> <span class='ocrx_word' id='word_1_161' title='bbox 532 2498 644 2555; x_wconf 88' lang='lat' dir='ltr'>solitum</span> <span class='ocrx_word' id='word_1_162' title='bbox 663 2498 775 2565; x_wconf 86' lang='lat' dir='ltr'>obferri,</span> <span class='ocrx_word' id='word_1_163' title='bbox 790 2507 818 2554; x_wconf 90' lang='lat' dir='ltr'>et</span> <span class='ocrx_word' id='word_1_164' title='bbox 834 2499 948 2575; x_wconf 89' lang='lat' dir='ltr'>quibus-</span> 
     </span>
     <span class='ocr_line' id='line_1_22' title="bbox 18 2598 948 2681; baseline -0.001 -22"><span class='ocrx_word' id='word_1_165' title='bbox 18 2642 20 2659; x_wconf 88' lang='lat'>.</span> <span class='ocrx_word' id='word_1_166' title='bbox 68 2598 122 2658; x_wconf 78' lang='lat' dir='ltr'>dnm</span> <span class='ocrx_word' id='word_1_167' title='bbox 143 2624 160 2662; x_wconf 87' lang='lat' dir='ltr'>a</span> <span class='ocrx_word' id='word_1_168' title='bbox 183 2624 214 2662; x_wconf 90' lang='lat' dir='ltr'>se</span> <span class='ocrx_word' id='word_1_169' title='bbox 237 2606 298 2681; x_wconf 92' lang='lat' dir='ltr'>ipso</span> <span class='ocrx_word' id='word_1_170' title='bbox 322 2624 493 2673; x_wconf 75' lang='lat' dir='ltr'>canossam,</span> <span class='ocrx_word' id='word_1_171' title='bbox 519 2605 670 2680; x_wconf 85' lang='lat' dir='ltr'>Agricolae</span> <span class='ocrx_word' id='word_1_172' title='bbox 691 2624 748 2661; x_wconf 90' lang='lat' dir='ltr'>non</span> <span class='ocrx_word' id='word_1_173' title='bbox 771 2603 864 2660; x_wconf 85' lang='lat' dir='ltr'>dedit:</span> <span class='ocrx_word' id='word_1_174' title='bbox 890 2605 948 2658; x_wconf 89' lang='lat' dir='ltr'>sive</span> 
     </span>
     <span class='ocr_line' id='line_1_23' title="bbox 67 2706 948 2787; baseline 0.001 -25"><span class='ocrx_word' id='word_1_175' title='bbox 67 2706 188 2781; x_wconf 69' lang='lat' dir='ltr'>obtensus</span> <span class='ocrx_word' id='word_1_176' title='bbox 202 2729 259 2766; x_wconf 93' lang='lat' dir='ltr'>non</span> <span class='ocrx_word' id='word_1_177' title='bbox 273 2711 398 2787; x_wconf 84' lang='lat' dir='ltr'>petitum,</span> <span class='ocrx_word' id='word_1_178' title='bbox 414 2712 472 2769; x_wconf 81' lang='lat' dir='ltr'>sive</span> <span class='ocrx_word' id='word_1_179' title='bbox 486 2730 519 2768; x_wconf 82' lang='lat' dir='ltr'>ex</span> <span class='ocrx_word' id='word_1_180' title='bbox 534 2710 711 2777; x_wconf 90' lang='lat' dir='ltr'>conscientia,</span> <span class='ocrx_word' id='word_1_181' title='bbox 725 2728 770 2776; x_wconf 90' lang='lat' dir='ltr'>ne,</span> <span class='ocrx_word' id='word_1_182' title='bbox 784 2707 860 2784; x_wconf 92' lang='lat' dir='ltr'>qnod</span> <span class='ocrx_word' id='word_1_183' title='bbox 869 2717 948 2765; x_wconf 87' lang='lat' dir='ltr'>vetu-</span> 
     </span>
     <span class='ocr_line' id='line_1_24' title="bbox 67 2813 947 2903; baseline 0.002 -35.895"><span class='ocrx_word' id='word_1_184' title='bbox 36 2796 130 2881; x_wconf 76' lang='lat' dir='ltr'>crat,</span> <span class='ocrx_word' id='word_1_185' title='bbox 148 2816 290 2877; x_wconf 82' lang='lat' dir='ltr'>videretur</span> <span class='ocrx_word' id='word_1_186' title='bbox 313 2817 422 2879; x_wconf 80' lang='lat' dir='ltr'>emisse.</span> <span class='ocrx_word' id='word_1_187' title='bbox 464 2816 612 2903; x_wconf 77' lang='lat' dir='ltr'>Proprimp</span> <span class='ocrx_word' id='word_1_188' title='bbox 633 2814 778 2875; x_wconf 87' lang='lat' dir='ltr'>humani</span> <span class='ocrx_word' id='word_1_189' title='bbox 771 2813 877 2889; x_wconf 83' lang='lat' dir='ltr'>ingenii</span> <span class='ocrx_word' id='word_1_190' title='bbox 896 2822 947 2883; x_wconf 86' lang='lat' dir='ltr'>est,</span> 
     </span>
     <span class='ocr_line' id='line_1_25' title="bbox 18 2894 948 3003; baseline 0.002 -23"><span class='ocrx_word' id='word_1_191' title='bbox 18 2968 19 2975; x_wconf 37' lang='grc' dir='ltr'>ι</span> <span class='ocrx_word' id='word_1_192' title='bbox 67 2920 148 2982; x_wconf 85' lang='lat' dir='ltr'>odisse</span> <span class='ocrx_word' id='word_1_193' title='bbox 167 2943 252 3002; x_wconf 89' lang='lat' dir='ltr'>quem</span> <span class='ocrx_word' id='word_1_194' title='bbox 271 2894 404 3000; x_wconf 48' lang='grc' dir='ltr'>Ιιιῖιιῖιιιι</span> <span class='ocrx_word' id='word_1_195' title='bbox 437 2924 591 2983; x_wconf 87' lang='lat' dir='ltr'>Domitiani</span> <span class='ocrx_word' id='word_1_196' title='bbox 611 2944 678 2982; x_wconf 86' lang='lat' dir='ltr'>vero</span> <span class='ocrx_word' id='word_1_197' title='bbox 697 2932 797 2981; x_wconf 88' lang='lat' dir='ltr'>natura</span> <span class='ocrx_word' id='word_1_198' title='bbox 815 2944 948 3003; x_wconf 88' lang='lat' dir='ltr'>praeceps</span> 
     </span>
     <span class='ocr_line' id='line_1_26' title="bbox 66 3028 948 3111; baseline 0.003 -22"><span class='ocrx_word' id='word_1_199' title='bbox 66 3028 92 3089; x_wconf 82' lang='lat' dir='ltr'>iu</span> <span class='ocrx_word' id='word_1_200' title='bbox 101 3031 177 3102; x_wconf 92' lang='lat' dir='ltr'>iram,</span> <span class='ocrx_word' id='word_1_201' title='bbox 191 3044 289 3111; x_wconf 79' lang='lat' dir='ltr'>atquo</span> <span class='ocrx_word' id='word_1_202' title='bbox 304 3034 457 3102; x_wconf 87' lang='lat' dir='ltr'>obscurior,</span> <span class='ocrx_word' id='word_1_203' title='bbox 472 3054 505 3091; x_wconf 94' lang='lat' dir='ltr'>eo</span> <span class='ocrx_word' id='word_1_204' title='bbox 525 3032 746 3099; x_wconf 88' lang='lat' dir='ltr'>inrevocabilior,</span> <span class='ocrx_word' id='word_1_205' title='bbox 759 3030 948 3092; x_wconf 90' lang='lat' dir='ltr'>moderatione</span> 
     </span>
     <span class='ocr_line' id='line_1_27' title="bbox 67 3140 948 3221; baseline 0 -23"><span class='ocrx_word' id='word_1_206' title='bbox 67 3146 152 3199; x_wconf 64' lang='lat' dir='ltr'>umen</span> <span class='ocrx_word' id='word_1_207' title='bbox 163 3142 364 3221; x_wconf 82' lang='lat' dir='ltr'>prudentiaque</span> <span class='ocrx_word' id='word_1_208' title='bbox 379 3142 529 3218; x_wconf 81' lang='lat' dir='ltr'>Agricolae</span> <span class='ocrx_word' id='word_1_209' title='bbox 543 3142 713 3199; x_wconf 89' lang='lat' dir='ltr'>leniebatur:</span> <span class='ocrx_word' id='word_1_210' title='bbox 734 3140 869 3217; x_wconf 82' lang='lat' dir='ltr'>quianon</span> <span class='ocrx_word' id='word_1_211' title='bbox 883 3161 948 3198; x_wconf 89' lang='lat' dir='ltr'>con·</span> 
     </span>
     <span class='ocr_line' id='line_1_28' title="bbox 67 3249 948 3329; baseline 0.001 -21"><span class='ocrx_word' id='word_1_212' title='bbox 67 3250 178 3309; x_wconf 80' lang='lat' dir='ltr'>umacia</span> <span class='ocrx_word' id='word_1_213' title='bbox 193 3271 284 3329; x_wconf 87' lang='lat' dir='ltr'>nequo</span> <span class='ocrx_word' id='word_1_214' title='bbox 302 3251 377 3309; x_wconf 87' lang='lat' dir='ltr'>inani</span> <span class='ocrx_word' id='word_1_215' title='bbox 392 3251 544 3327; x_wconf 83' lang='lat' dir='ltr'>jactatione</span> <span class='ocrx_word' id='word_1_216' title='bbox 563 3250 708 3317; x_wconf 87' lang='lat' dir='ltr'>libertatis,</span> <span class='ocrx_word' id='word_1_217' title='bbox 722 3249 826 3306; x_wconf 84' lang='lat' dir='ltr'>famam</span> <span class='ocrx_word' id='word_1_218' title='bbox 845 3250 948 3309; x_wconf 86' lang='lat' dir='ltr'>fatum·</span> 
     </span>
     <span class='ocr_line' id='line_1_29' title="bbox 67 3358 948 3435; baseline 0.005 -24"><span class='ocrx_word' id='word_1_219' title='bbox 67 3373 116 3429; x_wconf 89' lang='lat' dir='ltr'>que</span> <span class='ocrx_word' id='word_1_220' title='bbox 137 3361 314 3435; x_wconf 86' lang='lat' dir='ltr'>provocabat</span> <span class='ocrx_word' id='word_1_221' title='bbox 355 3359 459 3427; x_wconf 82' lang='lat' dir='ltr'>Sciant,</span> <span class='ocrx_word' id='word_1_222' title='bbox 473 3359 574 3435; x_wconf 90' lang='lat' dir='ltr'>quibns</span> <span class='ocrx_word' id='word_1_223' title='bbox 595 3359 682 3415; x_wconf 85' lang='lat' dir='ltr'>moris</span> <span class='ocrx_word' id='word_1_224' title='bbox 705 3367 757 3426; x_wconf 89' lang='lat' dir='ltr'>est,</span> <span class='ocrx_word' id='word_1_225' title='bbox 773 3358 879 3416; x_wconf 89' lang='lat' dir='ltr'>inlicita</span> <span class='ocrx_word' id='word_1_226' title='bbox 896 3359 948 3415; x_wconf 92' lang='lat' dir='ltr'>mi·</span> 
     </span>
     <span class='ocr_line' id='line_1_30' title="bbox 68 3461 947 3541; baseline 0.003 -25"><span class='ocrx_word' id='word_1_227' title='bbox 68 3461 125 3530; x_wconf 84' lang='lat' dir='ltr'>rari,</span> <span class='ocrx_word' id='word_1_228' title='bbox 148 3483 229 3540; x_wconf 87' lang='lat' dir='ltr'>posse</span> <span class='ocrx_word' id='word_1_229' title='bbox 253 3466 337 3522; x_wconf 73' lang='grc' dir='ltr'>θιιιιιι</span> <span class='ocrx_word' id='word_1_230' title='bbox 361 3466 413 3522; x_wconf 94' lang='lat' dir='ltr'>sub</span> <span class='ocrx_word' id='word_1_231' title='bbox 436 3465 516 3522; x_wconf 87' lang='lat' dir='ltr'>malis</span> <span class='ocrx_word' id='word_1_232' title='bbox 538 3465 715 3541; x_wconf 68' lang='lat' dir='ltr'>principibus</span> <span class='ocrx_word' id='word_1_233' title='bbox 732 3484 848 3539; x_wconf 86' lang='lat' dir='ltr'>magnos</span> <span class='ocrx_word' id='word_1_234' title='bbox 872 3465 947 3520; x_wconf 85' lang='lat' dir='ltr'>viros</span> 
     </span>
     <span class='ocr_line' id='line_1_31' title="bbox 67 3568 948 3647; baseline 0 -25"><span class='ocrx_word' id='word_1_235' title='bbox 67 3581 140 3624; x_wconf 78' lang='lat' dir='ltr'>esso:</span> <span class='ocrx_word' id='word_1_236' title='bbox 160 3570 376 3647; x_wconf 83' lang='lat' dir='ltr'>obsequiumque</span> <span class='ocrx_word' id='word_1_237' title='bbox 398 3589 430 3627; x_wconf 82' lang='lat' dir='ltr'>ao</span> <span class='ocrx_word' id='word_1_238' title='bbox 448 3569 621 3636; x_wconf 88' lang='lat' dir='ltr'>modestiam,</span> <span class='ocrx_word' id='word_1_239' title='bbox 636 3570 659 3625; x_wconf 87' lang='lat' dir='ltr'>si</span> <span class='ocrx_word' id='word_1_240' title='bbox 672 3569 809 3625; x_wconf 86' lang='lat' dir='ltr'>industria</span> <span class='ocrx_word' id='word_1_241' title='bbox 822 3588 854 3623; x_wconf 91' lang='lat' dir='ltr'>ac</span> <span class='ocrx_word' id='word_1_242' title='bbox 868 3568 948 3641; x_wconf 89' lang='lat' dir='ltr'>vigor</span> 
     </span>
    </p>
   </div>
   <div class='ocr_carea' id='block_1_5' title="bbox 152 3686 834 3820">
    <p class='ocr_par' dir='ltr' id='par_1_5' title="bbox 152 3686 834 3837">
     <span class='ocr_line' id='line_1_32' title="bbox 152 3686 834 3787; baseline 0.003 -54"><span class='ocrx_word' id='word_1_243' title='bbox 152 3686 304 3787; x_wconf 44' lang='lat' dir='ltr'>:Q</span> <span class='ocrx_word' id='word_1_244' title='bbox 814 3687 834 3724; x_wconf 75' lang='lat' dir='ltr'>e</span> 
     </span>
     <span class='ocr_line' id='line_1_33' title="bbox 329 3750 333 3820; baseline 0.076 -21"><span class='ocrx_word' id='word_1_245' title='bbox 329 3750 407 3820; x_wconf 71' lang='grc' dir='ltr'><strong><em>ζ</em></strong></span> 
     </span>
    </p>
   </div>
   <div class='ocr_carea' id='block_1_6' title="bbox 0 0 1129 3992">
    <p class='ocr_par' dir='ltr' id='par_1_6' title="bbox 0 0 1129 3992">
     <span class='ocr_line' id='line_1_34' title="bbox 0 0 1129 3992; baseline 0 0"><span class='ocrx_word' id='word_1_246' title='bbox 0 0 1129 3992; x_wconf 95' lang='lat' dir='ltr'> </span> 
     </span>
    </p>
   </div>
  </div>
 </body>
</html>
