2242 3992
433 381 616 424 casurum.
932 362 971 418 95

93 522 248 581 Germaniae
271 524 431 601 porrigitur.
478 521 596 599 Propior
620 525 676 600 (ut,
702 540 758 596 quo
780 520 864 578 modo
887 521 970 598 paulo

19 682 21 699 ,
90 637 145 685 ante
158 628 299 697 Rhenum,
317 629 357 685 sic
374 647 449 685 nnnc
470 627 634 685 Danubium
648 622 764 702 sequar)
787 625 970 683 Hermundu-

19 706 21 727 Α
88 748 170 790 murm
190 735 297 803 civitas,
317 734 373 791 fida
397 733 541 801 Romanis,
563 752 651 809 eoque
672 732 739 789 solis
761 731 968 790 Gennanorum

19 820 21 869 5
87 854 134 893 non
145 837 173 892 in
188 837 253 914 ,ripa
273 837 478 905 commercium,
498 837 548 893 sed
568 836 678 913 penitus
699 845 783 912 atque
799 837 828 893 in
847 838 969 914 splendi-

85 940 187 999 dissima
200 941 317 1000 Raetiae
330 942 489 1020 provinciae
507 942 633 1000 colonia:
653 943 756 1019 passim
777 951 804 999 et
825 943 886 999 sine
904 962 967 1000 cns-

19 1070 20 1073 *
84 1046 140 1104 tede
158 1044 324 1115 transeunt;
354 1056 391 1115 et,
416 1067 479 1104 cum
504 1048 604 1106 ceteris
627 1048 757 1124 gentibus
782 1067 860 1105 arma
883 1049 966 1106 modo

19 1128 20 1139 ἵ
85 1161 220 1230 eutraque
232 1161 330 1210 nostra
347 1153 533 1222 ostendamus,
553 1153 598 1210 his
620 1152 716 1210 domos
733 1152 868 1229 villasque
888 1163 966 1231 pate-

83 1255 188 1316 fecimus
212 1277 270 1315 non
297 1259 564 1335 concupiscentibus.
625 1258 659 1316 In
684 1258 891 1316 Hermunduris
913 1260 966 1316 Al-

19 1358 21 1381 *
83 1361 118 1419 bis
129 1365 224 1433 oritur,
239 1364 344 1421 flumen
362 1364 489 1421 inolitum
507 1373 535 1422 et
552 1373 651 1422 notum
664 1364 749 1431 olim;
768 1384 843 1423 nnnc
856 1373 965 1422 tantum

84 1468 190 1528 auditur.

19 1584 21 1609 ¹
117 1574 210 1632 XLII.
251 1575 338 1634 Juxta
352 1574 567 1632 Hermunduros
582 1572 702 1642 Narisci,
720 1594 754 1632 ac
770 1574 870 1632 deinde
884 1574 965 1632 Mar-

19 1682 21 1717 *
83 1682 179 1738 comani
210 1663 239 1738 et
268 1681 360 1746 Quadi
386 1689 484 1758 agsmt.
537 1679 691 1757 Praecipua
720 1680 966 1739 Marcomanorum

19 1778 33 1825 f
83 1783 161 1858 doma
173 1784 314 1860 visasque,
328 1792 412 1860 atque
426 1785 487 1859 ipsa
500 1784 584 1840 etiam
598 1784 686 1853 sedes,
697 1786 784 1862 pulsis
798 1785 865 1842 olim
879 1786 965 1855 Boiis,

19 1952 20 1965 2
82 1889 173 1947 voute
196 1897 288 1966 parta
327 1887 389 1948 Nec
408 1888 520 1945 Narisci
539 1888 667 1952 Quadive
690 1889 869 1966 degenerant.
910 1891 967 1947 Ea-

19 2036 20 2075 ,
84 2011 131 2068 que
146 1994 317 2054 Germaniae
335 1995 412 2051 velut
428 1994 508 2050 frons
527 2002 578 2062 est,
597 2003 733 2072 quatenns
754 1994 886 2052 Danubio
902 2015 965 2072 per·

83 2099 173 2176 emtor.
236 2100 427 2158 Marcomanis
459 2099 621 2176 Quadisque
651 2120 740 2177 usque
773 2099 810 2157 ad
840 2109 964 2158 nostram

19 2238 20 2251 κ
81 2208 234 2265 memoriam
261 2225 342 2283 reges
369 2215 531 2264 manserunt
558 2226 592 2263 ex
614 2215 698 2283 gente
719 2208 852 2285 ipsorum,
871 2209 964 2266 nobile

19 2376 20 2391 χ
80 2311 241 2372 Marobodui
261 2322 290 2370 et
311 2314 400 2371 Tudri
419 2333 527 2390 genus3
543 2315 604 2391 jam
622 2323 651 2371 et
671 2324 799 2373 externos
813 2315 964 2392 patiuntur.

19 2394 21 2415 ἱ
82 2417 130 2476 Sed
153 2422 198 2478 vis
222 2430 251 2477 et
274 2420 398 2496 potentia
424 2420 536 2495 regibus
564 2439 598 2476 ex
622 2421 786 2479 anctoritate
815 2421 962 2479 Romana:

81 2542 135 2582 raro
148 2526 234 2583 armis
248 2525 360 2593 nostris,
375 2525 483 2601 saepius
497 2525 614 2600 pecunia
625 2526 768 2601 juvantur.

112 2631 223 2690 XLIII.
266 2630 327 2688 Nec
347 2608 439 2687 minus
457 2630 551 2687 valent
572 2629 818 2707 retro.Marsigni,
836 2630 962 2699 Gothini,

79 2733 131 2805 Osi,
154 2737 249 2794 Buriz
272 2744 353 2812 berga
376 2735 623 2792 Marcomanorum
650 2734 868 2811 Quadorumque
888 2736 963 2792 clan-

80 2837 165 2899 duntr
196 2860 212 2898 e
236 2842 337 2918 quibus
361 2840 502 2916 Marsigni
529 2848 557 2897 et
582 2839 651 2896 Buri
676 2857 803 2895 sermone
830 2839 961 2917 cultuque

19 3002 21 3017 Ι
80 2942 177 3004 Suevos
201 2946 336 3003 referunt.
391 2945 531 3002 Gothinos
556 2923 675 3011 Gallica,
701 2942 776 3000 Osos
801 2942 962 3003 Pannonica

19 3022 21 3081 i
78 3045 173 3126 inguen,
193 3050 320 3126 coarguit
331 3069 388 3107 non
402 3069 463 3107 esse
478 3050 644 3117 Germanos
660 3057 688 3105 et
704 3048 779 3126 quod
791 3050 897 3108 tributa
913 3070 962 3128 pa·

19 3136 21 3193 ἷ
77 3152 195 3212 duntur:
214 3165 321 3232 partem
342 3156 508 3212 tributorum
524 3154 674 3222 Sarmatae,
688 3162 795 3232 partem
810 3155 911 3223 Quadi,
931 3165 964 3213 ut

19 3276 21 3289 ’
77 3256 231 3337 alienigenis
245 3262 389 3337 inponunt.
414 3260 550 3327 Gothini,
566 3280 621 3336 qno
635 3261 725 3337 magis
738 3259 848 3337 pudeat,
863 3270 892 3318 et
904 3261 961 3317 fer-

77 3379 131 3420 rma
150 3365 301 3422 effodiunt:
322 3385 473 3441 omnesque
486 3364 516 3420 hi
534 3365 629 3441 populi
649 3384 737 3441 pauca
755 3366 959 3443 campestrium,

76 3460 192 3527 ererum
205 3471 290 3528 saltus
304 3479 332 3527 et
345 3472 463 3528 vertices
480 3471 616 3526 montium
641 3471 828 3547 [jugumque]
851 3468 960 3533 insede-

78 3582 144 3631 runt.
203 3573 318 3634 Dirimit
347 3577 420 3634 enim
452 3577 608 3652 seiuditque
637 3575 771 3634 Sueviam-
799 3574 959 3630 continuum

821 3693 843 3732 n
