2242 3992
426 352 603 394 asamona·
925 333 963 390 37

20 468 22 499 ἕ
87 491 154 550 Idem
179 482 324 568 praeturae
351 498 432 548 tenor
459 500 488 548 et
514 491 678 549 silentium:
707 509 759 547 nee
781 489 856 546 enim
880 488 965 564 juris·

20 590 22 627 ³
87 596 158 654 dictio
175 598 335 654 obvenerat.
375 596 472 653 Ludos
491 605 519 653 et
535 597 630 653 inania
643 595 758 652 honoris
778 593 861 651 modo
878 592 965 649 ratio-

88 703 124 758 nu
146 711 228 779 atque
252 701 437 759 abundantiae
465 701 551 769 aaut,
580 700 726 776 solonge
745 720 763 756 a
786 698 904 765 leura
925 698 966 753 ie

85 808 162 864 laruae
175 808 297 885 propior.
337 807 412 865 Tum
429 806 534 863 electus
554 826 572 863 a
592 805 686 865 Galba
705 806 742 862 ad
762 806 835 863 dona
846 803 965 879 templo·

20 914 22 939 ¹
84 931 137 969 rum
161 912 394 990 recognoscenda,
419 911 634 989 diligentissima
660 911 862 987 conquisitione
888 909 965 976 fecit,

20 1008 21 1013 ἵ
83 1038 113 1075 ne
129 1021 205 1096 cujus
223 1019 339 1077 alterius
357 1018 534 1095 sacrilegium
554 1017 713 1095 respublica
739 1032 823 1093 quam
841 1015 964 1073 Neronis

20 1186 22 1207 ,
85 1124 214 1181 sensisset.
252 1168 297 1179 ..a

20 1286 22 1313 ζ
115 1228 179 1286 VII.
222 1228 348 1306 Sequens
362 1248 452 1287 annus
465 1229 546 1306 gravi
559 1229 678 1285 vulnere
696 1230 819 1285 animum
838 1230 964 1288 domum-

85 1353 130 1410 que
146 1336 207 1411 ejus
226 1335 352 1392 adflixit:
372 1355 439 1392 nam
457 1335 554 1392 classis
570 1333 739 1403 Othoniana,
754 1335 870 1392 licenter
883 1352 964 1412 vaga,

83 1435 138 1494 dum
152 1437 312 1495 Intemelios
328 1437 478 1516 (Liguriae
497 1457 562 1514 pars
582 1437 641 1510 est)
656 1439 795 1497 hostiliter
808 1442 964 1518 populatur,

82 1552 189 1600 matrem
202 1542 355 1619 Agricolae
374 1544 403 1600 in
422 1544 542 1620 praediis
561 1546 618 1601 suis
635 1546 785 1615 interfecit,
798 1547 966 1624 praediaque

82 1647 132 1724 ipsa
151 1657 178 1705 ct
195 1667 327 1724 magnam
345 1649 504 1724 patrimonii
521 1658 630 1726 partem
650 1650 773 1727 diripuit,
790 1671 861 1727 quae
883 1673 966 1709 causa

83 1753 164 1810 aeas
189 1753 301 1814 aeas„
345 1753 437 1829 rges
463 1754 499 1811 aa
526 1755 661 1812 arumna
686 1755 797 1831 pietatis
823 1757 965 1833 profectus

20 1854 21 1867 ¹
84 1857 216 1942 Agricola,
236 1859 335 1916 nuntio
356 1858 488 1916 adfectati
508 1879 525 1916 a
546 1859 718 1936 Vespasiano
738 1861 847 1937 imperii
867 1862 964 1938 depre-

83 1960 183 2032 hensus,
207 1983 242 2020 ac
266 1963 360 2020 statim
386 1964 415 2019 in
442 1972 535 2040 partes
562 1973 754 2040 transgressus
778 1973 829 2022 est.
880 1966 965 2025 Initia

20 2130 21 2133 ,
69 2068 242 2146 'principatus
252 2088 289 2126 ac
303 2076 406 2125 statum
418 2070 497 2126 urbis
512 2069 663 2126 Mucianus
677 2071 800 2146 regebat,
815 2069 964 2126 admodum

20 2160 21 2249 ,
80 2171 171 2246 jurene
185 2173 361 2242 Domitiano,
382 2182 410 2230 et
428 2193 463 2230 ex
481 2183 598 2250 paterna
617 2173 732 2231 fortuna
749 2182 859 2231 tantum
876 2174 962 2231 licen-

20 2258 22 2377 ζ
82 2277 139 2335 tiam
150 2287 313 2356 usurpante.
331 2273 334 2275 Α
347 2279 376 2335 Is
389 2279 506 2336 missum
520 2279 556 2335 ad
570 2279 693 2336 delectus
707 2279 830 2356 agendm
842 2280 963 2357 Agrico·

82 2381 135 2452 lam,
152 2386 318 2461 integreque
336 2404 368 2441 ac
386 2393 498 2442 strenue
516 2394 667 2454 versatum,
686 2386 833 2444 vicesimae
850 2387 962 2464 legioni,

81 2487 148 2545 arde
167 2489 204 2546 ad
221 2492 427 2546 sacramentum
444 2498 644 2566 transgressae,
658 2492 825 2568 praeposuit,
846 2493 895 2549 ubi
915 2492 963 2549 de·

81 2610 162 2652 assor
180 2594 311 2651 seditiose
331 2612 415 2672 agere
438 2596 624 2662 narrabatur;
645 2597 746 2673 quippe
769 2597 868 2673 legatis
893 2618 962 2673 quo·

20 2700 22 2777 f
81 2715 126 2773 que
147 2700 340 2758 consularibus
357 2700 444 2757 nimia
464 2720 496 2758 ac
514 2700 697 2785 formidolosa
714 2711 792 2769 erat;
811 2722 864 2759 nec
885 2694 962 2779 lega-

20 2782 22 2863 l
81 2810 117 2863 nu
133 2806 288 2882 praetorius
307 2805 343 2862 ad
361 2805 546 2863 cohibendum
565 2814 673 2883 potens,
686 2807 833 2876 incertum,
855 2827 905 2863 suo
926 2827 962 2864 an

20 2892 21 2907 ÷
45 2950 48 2959 ‚
81 2909 189 2969 militum
206 2912 341 2989 ingenio:
365 2912 404 2969 ita
428 2931 572 2970 successor
594 2912 685 2978 simul,
707 2919 736 2970 et
753 2913 828 2970 ultor
847 2913 962 2984 electus,

80 3016 210 3075 rarissima
235 3016 424 3074 moderatione
453 3017 551 3074 maluit
578 3017 667 3074 videri
699 3017 838 3077 invenisse
864 3019 965 3100 henou,

20 3186 21 3191 η
79 3123 275 3194 quamfecisse.

20 3206 22 3247 ³
115 3224 195 3284 vlu.
236 3227 369 3286 Praeerat
400 3236 467 3286 tunc
499 3228 662 3286 Britanniae
689 3228 800 3287 Vettius
830 3230 964 3301 Bolanus,

81 3328 214 3404 placidius,
229 3354 313 3410 quarn
326 3334 414 3392 feroci
427 3335 572 3411 provincia
590 3335 704 3411 dignum
719 3344 781 3392 est:
801 3338 966 3413 temperavit

81 3432 278 3510 agricolaum
298 3458 385 3508 suam,
404 3439 588 3515 ardoremque
609 3440 786 3516 compescuit,
805 3459 842 3496 ne
860 3442 964 3496 incres-

81 3549 157 3612 ceret,
179 3544 283 3620 peritus
304 3545 430 3628 obsequi,
452 3545 631 3621 eruditusque
651 3545 731 3602 utilia
753 3543 878 3601 honestis
900 3544 964 3601 mis·

824 3664 843 3701 a
