2242 3992
95 315 151 371 1¹18
466 328 614 371 uncinus.

92 466 220 536 silebant,
234 467 367 526 Velinum
387 468 488 538 lacum,
507 468 610 546 quain
628 466 735 524 Narem
753 466 911 534 effunditur,
933 465 989 521 ob-

90 572 161 628 strui
177 584 347 643 recusantes,
367 576 470 650 quispe
491 576 522 632 in
544 575 702 651 adiacentia
722 583 907 649 empturum:
934 591 990 647 op-

89 687 165 735 tume
177 678 257 736 rebus
270 678 430 737 mortalium
442 660 609 737 ccandut'sse
622 688 765 746 amaram,
779 696 849 753 quae
862 696 914 735 suc
935 695 990 733 ora

81 782 263 857 fluminibus,
277 803 339 842 suas
352 803 459 854 careus,
473 794 556 861 etque
564 785 709 861 napinam,
723 784 844 860 itcflnes
857 782 986 839 dederit:
1023 854 1031 867 Ι

90 895 253 969 mesiendas
272 895 357 952 etiam
372 892 517 969 relipienes
533 893 679 960 socinum,
699 892 848 968 quiscere
867 899 892 947 et
911 888 991 946 lusos
1017 876 1026 882 ’

91 975 206 1055 ετάνιιι
223 999 330 1074 patrib
352 997 483 1055 cassibus
508 997 684 1055 dicaverint.-
713 996 785 1072 quin
811 996 905 1071 ipsam
933 993 991 1051 Ti-

91 1102 178 1160 berim
191 1102 260 1161 nelle
274 1122 394 1179 prorsus
407 1101 509 1164 cdcclis
522 1101 626 1178 fluviis
639 1100 764 1159 orbatum
777 1101 884 1157 misere
892 1096 990 1174 picria

82 1207 185 1283 fluere.
227 1207 284 1266 Seu
306 1226 403 1284 preces
425 1206 606 1274 coloniarum,
621 1223 671 1263 seu
691 1203 839 1261 difficultas
860 1221 989 1279 operum,

92 1312 150 1368 sive
175 1313 334 1390 superstitio
356 1312 445 1370 valuit
467 1320 501 1369 ut
522 1311 553 1368 in
577 1311 744 1368 sententiam
763 1308 872 1367 Pisonis
886 1326 989 1365 cence-

93 1415 214 1486 deretur,
228 1418 276 1493 qui
289 1417 330 1475 nil
339 1417 504 1475 mutandum
517 1425 674 1475 censuerat.

132 1516 255 1576 LXXX.
279 1519 451 1597 Prorogatur
460 1520 591 1598 Poppaeo
601 1520 706 1579 Sabino
714 1518 857 1596 provincia
865 1516 988 1584 Moesia,

91 1620 192 1679 additis
214 1624 324 1683 Achaia
345 1646 378 1683 ac
400 1625 580 1684 Macedonia.
620 1626 655 1683 Id
678 1644 790 1703 quoque
806 1642 921 1682 »morum
935 1623 988 1680 Ti·

92 1724 163 1781 berii
185 1727 248 1798 fuit,
273 1731 435 1788 continuare
461 1731 587 1809 imperia,
608 1750 641 1787 ae
668 1729 816 1807 plerosque
840 1729 876 1787 ad
900 1728 987 1785 finem

92 1832 166 1890 vitae
190 1835 220 1892 in
238 1837 338 1896 iisdem
357 1839 525 1897 exercitibus
543 1846 592 1897 aut
610 1836 852 1914 jurisdictionibus
873 1835 986 1892 babere.

94 1933 203 1994 Causae
223 1940 317 1998 variae
336 1941 503 2001 traduntur:
523 1942 570 1998 alii
591 1943 680 2000 taedio
700 1961 787 1999 accae
805 1961 889 2000 curae
903 1941 988 1999 mmet

86 2039 194 2114 plecta
200 2064 257 2120 pro
270 2049 390 2105 setania
399 2049 549 2106 servavisse
556 2067 571 2111 ‚·
587 2046 701 2125 quidam
711 2049 831 2116 invidia,
845 2046 987 2122 neplares

82 2145 275 2218 fruerentur:
298 2160 364 2208 sunt
376 2153 425 2229 qui
441 2153 609 2221 existiment,
627 2161 660 2209 ut
679 2152 811 2212 callidum
828 2152 890 2229 ejus
907 2152 988 2229 inge-

92 2255 179 2324 nium,
193 2257 232 2315 ita
255 2260 368 2316 anxium
378 2260 535 2336 judicium:
559 2280 651 2339 neque
671 2262 748 2322 enim
766 2263 913 2320 eminentis
929 2261 988 2318 vir-

92 2372 167 2422 tutes
191 2368 357 2438 sectabatur,
380 2378 409 2427 et
432 2389 544 2428 rursum
571 2372 641 2429 vitia
666 2372 786 2431 oderat:
814 2392 849 2430 ex
875 2372 989 2449 optimis

93 2469 247 2544 periculum
267 2472 328 2543 sibi,
348 2494 366 2531 a
385 2476 512 2551 pessimis
529 2476 649 2535 dedecus
663 2478 806 2555 publicum
824 2478 986 2535 metuebat:

93 2595 149 2650 qua
166 2576 348 2638 haesitatione
367 2591 509 2658 postremo
529 2605 564 2642 eo
590 2594 740 2663 provectus
764 2594 816 2656 est,
845 2595 878 2643 ut
905 2603 989 2644 man·

93 2678 200 2740 daverit
213 2684 378 2762 quibusdam
397 2690 563 2763 provincias,
577 2709 648 2768 quos
662 2690 758 2767 egredi
772 2692 842 2748 urbe
854 2710 911 2749 non
925 2699 989 2747 erat

92 2798 233 2855 pessmus.

133 2883 271 2946 LXXXI.
322 2892 369 2950 De
393 2894 511 2953 comitiis
535 2898 737 2969 consularibus,
761 2919 834 2977 quae
853 2907 913 2956 tum
929 2899 990 2976 pri·

93 3008 170 3047 mum
196 2994 245 3052 illo
271 2998 395 3077 principe
421 3021 455 3059 ac
486 3003 616 3083 deinceps
642 3006 732 3077 fuere,
759 3009 807 3065 vix
834 3007 990 3085 quidquam

93 3096 204 3156 firmare
224 3105 332 3164 ausim:
352 3107 422 3164 adeo
442 3109 553 3169 diversa
572 3131 629 3171 non
649 3114 734 3173 modo
752 3110 828 3193 apud
847 3123 989 3183 auctores,

93 3200 145 3258 sed
163 3202 192 3259 in
206 3205 291 3282 ipsius
305 3211 475 3271 orationibus
488 3216 675 3293 reperiuntur.
716 3218 817 3289 Modo,
837 3218 992 3276 subtractis

93 3305 303 3368 candidatorum
325 3315 493 3389 nominibus,
520 3322 658 3398 originem
682 3326 819 3403 cujusque
848 3333 877 3383 et
901 3324 991 3382 vitam

94 3422 123 3466 et
144 3413 282 3491 stipendia
299 3417 452 3497 descripsit,
465 3433 497 3483 ut
514 3428 564 3504 qui
581 3427 676 3488 forent
692 3431 917 3509 intelligeretur:
937 3428 992 3487 ali·
