2242 3992
131 347 170 404 78
521 364 668 409 τΑοιτυε.

129 502 254 580 periculo
267 502 331 560 talis
341 503 395 560 viri
405 503 548 580 mitigatus
560 514 612 574 est,
623 504 713 562 donec
723 503 859 563 Haterius
869 506 1034 582 Augustam

131 618 232 678 oraret,
247 610 364 687 ejusque
378 611 560 668 curatissimis
574 612 703 689 precibus
715 620 920 690 protegeretur.

171 714 253 772 XIV.
295 715 390 772 Multa
403 724 514 792 patrum
527 717 599 773 etin
615 717 776 793 Augustam
796 715 928 773 adulatio.
971 714 1033 771 Alii

127 830 285 896 parentem,
307 820 354 877 alii
375 832 493 879 matrem
508 824 624 898 patriae
645 821 864 897 adpellaadam5
890 819 1029 896 plerique,

132 935 165 982 at
176 926 288 982 domiai
304 924 435 982 Caesaris
448 927 648 984 adscriberetur
658 925 845 1004 Juliaefilias
859 924 1033 982 censebant:

132 1029 180 1087 ille
199 1031 381 1088 eruderandos
389 1032 577 1105 feminarum
595 1033 709 1090 imeres
726 1032 866 1100 dictitans,
881 1033 1033 1108 eademque

127 1156 156 1194 se
181 1139 365 1213 temperantia
389 1157 509 1195 asarum
533 1140 566 1195 ia
589 1140 635 1207 iis,
657 1138 799 1214 quaesibi
818 1138 1028 1194 tribuerentur:

131 1250 255 1299 aeterum
268 1243 367 1299 anxius
380 1243 486 1300 invidia
498 1251 527 1300 et
539 1242 677 1300 muliebre
689 1242 834 1319 fastigium
852 1243 882 1298 in
902 1241 1031 1299 deminu-

130 1348 237 1404 tionem
251 1348 294 1404 sui
305 1347 446 1424 adcipiens
460 1367 496 1404 ne
509 1346 638 1405 lictorem
656 1347 770 1423 quidem
789 1347 815 1404 ei
834 1347 946 1404 decerni
965 1367 1031 1425 pas·

132 1474 179 1511 sus
189 1463 241 1523 est,
252 1473 384 1531 aramque
395 1454 552 1532 adoptionis
567 1463 595 1512 et
609 1453 664 1512 alia
673 1452 867 1529 hujuscemodi
875 1452 1032 1530 prohibuit.

131 1561 174 1617 At
193 1559 363 1618 Germanico
388 1561 503 1618 Caesari
523 1559 721 1637 proconsulare
745 1559 893 1635 imperium
920 1559 1030 1635 petivit,

130 1665 263 1742 missique
277 1664 362 1741 legati
382 1666 431 1741 qui
452 1664 604 1731 deferrent,
624 1664 707 1721 simul
724 1664 891 1721 maestitiam
910 1665 973 1740 ejus
993 1665 1030 1722 ob

131 1790 276 1827 excessum
303 1770 429 1846 Augusti
457 1769 636 1826 solarentur:
671 1788 727 1845 quo
753 1769 847 1825 minus
873 1768 949 1826 idem
976 1790 1029 1847 pro

132 1875 229 1933 Druso
252 1874 449 1953 postularetur,
472 1893 506 1930 ea
529 1892 622 1941 causa,
643 1873 719 1949 quod
743 1872 904 1949 designatus
929 1875 1027 1932 consul

132 1981 245 2039 Drusus
268 1999 457 2057 praesensque
480 1986 549 2034 crat.
592 1976 763 2036 Candidutos
786 1986 934 2053 praeturae
959 1979 1028 2037 duo·

131 2088 221 2145 decim
241 2086 405 2151 nominavit,
425 2102 575 2141 numerum
598 2084 634 2140 ab
660 2083 792 2159 Augusto
815 2083 969 2142 traditum:
999 2096 1026 2143 et

130 2194 261 2250 hortante
288 2199 386 2248 senatu
413 2198 444 2246 ut
468 2196 593 2266 augeret,
614 2187 798 2264 jurejurando
822 2189 972 2246 obstrinxit
997 2210 1027 2247 se

129 2318 186 2356 nou
201 2315 389 2353 excessurum.

171 2401 238 2460 XV.
280 2401 354 2457 Tum
372 2400 494 2477 primum
507 2418 524 2456 e
538 2418 636 2476 campo
654 2399 765 2457 comitia
778 2400 815 2456 ad
827 2410 921 2476 patres
934 2408 1028 2458 trans·

130 2510 187 2567 lata
211 2513 295 2564 sunt:
316 2523 381 2561 nam
405 2504 442 2561 ad
465 2523 527 2560 eam
552 2504 635 2572 diem,
660 2504 712 2560 etsi
739 2505 883 2581 potissima
909 2506 1026 2564 arbitrio

129 2613 272 2692 principis,
297 2610 433 2688 quaedam
450 2618 545 2667 tamen
567 2610 665 2667 studiis
683 2610 808 2667 tribuum
821 2610 945 2670 fiebant:
976 2633 1026 2670 ne·

129 2725 184 2799 que
197 2718 316 2798 populus
331 2717 490 2792 ademptum
501 2715 549 2792 jus
561 2723 677 2791 questus
691 2723 734 2772 est
744 2715 798 2772 nisi
809 2716 885 2773 inani
895 2736 1027 2788 rumore;

127 2837 156 2886 et
180 2834 303 2892 senatus,
317 2823 512 2900 largitionibus
532 2841 565 2879 ac
585 2822 714 2898 precibus
735 2821 853 2879 sordidis
874 2824 1025 2894 exsolutus,

127 2935 217 2992 libens
237 2931 337 2999 tenuit,
355 2929 517 2987 moderante
533 2928 647 2985 Tiberio
667 2946 704 2984 ne
724 2928 819 3005 plures
840 2948 925 3005 quam
945 2940 1025 3006 quet·

126 3049 191 3096 tuor
218 3037 379 3095 candidatos
408 3035 608 3093 conmendaret
636 3035 697 3092 sine
724 3035 837 3113 repulsa
863 3045 891 3093 et
918 3038 1024 3095 ambitu

126 3143 323 3220 designandos.
382 3140 460 3199 Inter
484 3160 555 3218 quae
581 3141 701 3198 Tribuni
724 3140 817 3218 plebei
843 3143 969 3219 petivere
992 3153 1023 3201 nt

124 3251 237 3330 proprio
258 3256 372 3325 sumptu
391 3247 507 3304 ederent
525 3247 617 3315 ludos,
635 3247 683 3323 qui
705 3245 739 3303 de
761 3247 874 3304 nomine
889 3248 1023 3325 Augusti,

124 3358 205 3416 fastis
219 3354 314 3424 additi,
327 3353 500 3429 Augustales
514 3360 701 3410 vocarentur:
716 3352 767 3408 sed
780 3352 892 3410 decreta
905 3356 1022 3431 pecunia

123 3482 158 3519 ex
172 3462 288 3529 aerario,
302 3467 389 3533 utque
402 3476 453 3533 per
468 3458 573 3514 circum
586 3457 749 3534 triumphali
763 3466 841 3515 veste
857 3466 1022 3516 uterentur:

123 3589 208 3626 curru
225 3568 291 3626 vehi
310 3565 387 3623 haud
406 3564 593 3642 permissum:
612 3582 679 3622 mox
699 3564 850 3624 celebratio
870 3586 965 3626 annua
984 3570 1019 3627 ad
