2242 3992
154 330 193 390 82
529 344 679 386 suerrus.

151 482 255 561 praeda
267 493 392 555 onustos,
407 484 443 543 ad
457 492 596 543 terrorem
610 492 768 543 oeterorum
781 480 863 540 adfici
876 478 1056 551 verberibus,

151 589 244 649 claudi
258 609 370 648 carcere
380 590 481 666 jubete
501 588 666 646 nemetiam
683 596 747 645 tum
764 587 858 665 legato
877 607 896 644 a
913 588 1058 645 centurio·

151 696 234 753 nibus
258 704 287 753 et
311 695 416 772 optimo
438 713 549 772 quoque
570 692 786 771 manipularium
806 694 967 771 parebatur.
1010 691 1059 749 Illi

151 799 241 857 obniti
262 797 448 868 trahentibus,
462 817 596 876 prensare
609 797 852 855 circumstantium
865 816 969 874 genua,
981 797 1058 853 ciere

151 903 235 962 modo
244 905 359 962 nomina
372 903 556 981 singulorum,
570 903 654 960 modo
668 903 823 960 centuriam
836 903 958 980 quisque
972 902 1057 979 cujus

151 1009 334 1087 manipularis
357 1018 425 1077 erat,
450 1007 604 1078 cohortem,
626 1008 775 1083 legionem,
803 1008 901 1066 ecdem
924 1009 1058 1066 omnibus

152 1117 292 1174 inminere
311 1114 505 1182 clamitantes3
535 1112 619 1171 sImul
639 1115 743 1191 probra
762 1114 792 1170 in
809 1114 936 1190 legatum
957 1133 1057 1171 cumu-

152 1220 221 1291 lant,
236 1221 345 1278 eaelum
364 1240 398 1277 ac
418 1220 485 1277 deos
506 1221 702 1288 obtestantiu3
731 1219 804 1277 nihil
823 1219 925 1296 reliqui
945 1219 1057 1276 faciunt

153 1345 209 1403 quo
229 1325 323 1384 minus
343 1323 486 1393 invidiam,
499 1323 728 1392 misericordiam,
742 1332 849 1381 metum
869 1332 897 1381 et
915 1324 973 1380 iras
993 1343 1057 1401 per·
1116 1376 1117 1381 ,

152 1437 308 1487 moverent.
350 1429 521 1488 Adcurritur
538 1429 575 1486 ab
594 1428 742 1497 universis,
757 1436 786 1486 et
803 1447 916 1486 earcere
937 1429 1056 1486 effracto
1116 1446 1117 1449 ’

154 1534 268 1592 solvimt
281 1534 401 1603 vincula,
416 1533 629 1613 desertoresque
641 1553 676 1591 ac
688 1552 784 1590 rerum
800 1532 962 1610 capitalium
975 1532 1055 1589 dam·

154 1651 236 1700 natos
250 1644 302 1700 sibi
312 1644 374 1720 jam
386 1645 515 1702 miscent.
1117 1716 1118 1719 Ἴ

193 1747 295 1809 XXII.
336 1748 515 1826 Flagrantior
533 1748 600 1806 inde
613 1749 665 1818 vis,
679 1748 774 1826 plures
799 1747 929 1806 seditioni
950 1748 1055 1807 duces:

154 1861 184 1911 et
207 1853 364 1912 Vibulenus
392 1854 514 1933 quidam,
541 1854 688 1931 gregarius
715 1854 805 1924 miles,
833 1862 898 1912 ante
927 1855 1054 1913 tribunal

156 1958 251 2017 Blaesi
265 1959 410 2017 adlevatus
424 1960 665 2018 circumstantium
678 1959 812 2028 humeris,
827 1959 902 2037 apud
913 1962 1053 2030 turbatos,
1118 1992 1119 1995 ¹

92 2116 99 2123 ,
154 2072 192 2132 et,
207 2065 275 2142 quid
288 2073 408 2142 pararet,
422 2066 565 2122 intentos:
590 2066 643 2125 Vos
655 2067 776 2141 quidem,
793 2066 893 2142 inquit,
906 2067 951 2124 Isis
970 2069 1054 2125 inno·

154 2170 276 2228 cemibus
289 2182 316 2229 et
327 2173 495 2229 miserrimis
507 2172 596 2230 locem
609 2182 636 2230 et
651 2173 786 2248 spiritum
802 2173 984 2231 reddidistis:
1007 2174 1057 2232 scd

155 2276 219 2350 quis
222 2277 319 2349 fratri
334 2296 393 2334 meo
412 2279 508 2345 citam,
522 2279 586 2353 quis
595 2279 723 2351 fratrem
742 2279 815 2336 mihi
834 2278 950 2337 reddit?
971 2299 1056 2356 quem

156 2380 275 2436 missum
296 2381 336 2436 ad
355 2401 401 2438 oos
422 2401 441 2438 c
466 2382 634 2440 Germanico
660 2385 780 2441 exercitu
805 2385 840 2442 de
862 2385 1059 2442 mmmuribuo

156 2485 305 2542 commedio
326 2495 400 2543 nocte
415 2488 549 2561 proximo
563 2486 711 2563 simulavit
724 2508 779 2564 per
795 2488 963 2565 elediatorcs
982 2509 1057 2559 seros,

156 2606 223 2663 quos
236 2589 269 2649 irc
282 2591 398 2648 exitium
418 2591 541 2649 militum
560 2592 639 2651 hobel
657 2603 739 2669 etque
756 2604 858 2652 armat.
899 2595 1059 2671 Responde,

156 2691 266 2763 Blcese,
281 2694 330 2752 ubi
342 2698 461 2754 cadaver
473 2696 628 2774 objeceris?
642 2718 677 2756 rie
689 2699 774 2757 hortm
786 2700 900 2775 quidem
912 2701 1059 2776 sepultura

156 2799 302 2858 inciderit:
334 2822 398 2859 com
416 2802 524 2872 osculis,
537 2822 602 2860 cum
620 2801 746 2860 lacrimis
763 2803 881 2862 dolorem
899 2825 993 2864 meum
1013 2808 1059 2864 irc·

149 2903 271 2977 pleoero,
281 2926 324 2964 mc
336 2927 442 2984 quoque
455 2909 595 2965 trucidari
598 2908 676 2984 jube,
690 2909 760 2966 dum
774 2911 929 2985 interficies
942 2910 1056 2969 madum

157 3008 188 3064 ob
210 3008 305 3078 scelus,
328 3014 378 3069 sed
398 3014 467 3087 quic
490 3011 606 3071 utilitati
627 3012 767 3088 liciorum
789 3015 1005 3086 cmwnlsbomas,
1028 3018 1060 3075 hi

157 3113 299 3188 emeliam.

197 3217 313 3276 XXIII.
354 3221 525 3280 Incendebat
551 3222 622 3281 haec
645 3223 714 3282 fletu
741 3233 770 3282 et
794 3236 890 3303 pectus
915 3236 1000 3305 atque
1024 3249 1057 3288 os

158 3322 287 3379 manibus
301 3325 469 3384 verberans:
489 3347 555 3385 mox
572 3330 696 3408 disjectis
714 3354 835 3410 quorum
852 3356 903 3414 per
922 3337 1057 3396 humeros

160 3427 356 3499 sustinebatur,
370 3449 503 3509 praeceps
524 3443 552 3491 et
573 3437 748 3514 singulorum
768 3440 885 3517 pedibus
906 3443 1056 3502 advolutus

159 3539 268 3590 tentum
281 3535 514 3594 consternationis
527 3538 704 3619 invidiaeque
718 3545 849 3617 concivit,
863 3554 895 3604 ut
904 3567 970 3624 pars
984 3549 1056 3607 mili·
