<?xml version="1.0" encoding="UTF-8"?>
<!DOCTYPE html PUBLIC "-//W3C//DTD XHTML 1.0 Transitional//EN"
    "http://www.w3.org/TR/xhtml1/DTD/xhtml1-transitional.dtd">
<html xmlns="http://www.w3.org/1999/xhtml" xml:lang="en" lang="en">
 <head>
  <title>
</title>
<meta http-equiv="Content-Type" content="text/html;charset=utf-8" />
  <meta name='ocr-system' content='tesseract 3.04.00' />
  <meta name='ocr-capabilities' content='ocr_page ocr_carea ocr_par ocr_line ocrx_word'/>
</head>
<body>
  <div class='ocr_page' id='page_1' title='image "./germaniaagricol00btgoog_0201.png"; bbox 0 0 2242 3992; ppageno 0'>
   <div class='ocr_carea' id='block_1_1' title="bbox 373 373 994 435">
    <p class='ocr_par' dir='ltr' id='par_1_1' title="bbox 373 373 994 435">
     <span class='ocr_line' id='line_1_1' title="bbox 373 373 994 435; baseline -0.002 -3"><span class='ocrx_word' id='word_1_1' title='bbox 373 390 551 435; x_wconf 71' lang='lat' dir='ltr'>annuarum</span> <span class='ocrx_word' id='word_1_2' title='bbox 573 392 668 433; x_wconf 79' lang='lat' dir='ltr'>crana</span> <span class='ocrx_word' id='word_1_3' title='bbox 691 391 713 432; x_wconf 88' lang='lat'>1.</span> <span class='ocrx_word' id='word_1_4' title='bbox 938 373 994 431; x_wconf 85' lang='lat'>113</span> 
     </span>
    </p>
   </div>
   <div class='ocr_carea' id='block_1_2' title="bbox 15 521 994 612">
    <p class='ocr_par' dir='ltr' id='par_1_2' title="bbox 15 521 994 612">
     <span class='ocr_line' id='line_1_2' title="bbox 15 521 994 612; baseline 0.006 -26"><span class='ocrx_word' id='word_1_5' title='bbox 15 521 16 524; x_wconf 44' lang='lat'>&#39;</span> <span class='ocrx_word' id='word_1_6' title='bbox 101 532 260 589; x_wconf 87' lang='lat' dir='ltr'>submersas</span> <span class='ocrx_word' id='word_1_7' title='bbox 271 552 279 590; x_wconf 75' lang='grc'>1</span> <span class='ocrx_word' id='word_1_8' title='bbox 292 550 345 590; x_wconf 92' lang='lat' dir='ltr'>nec</span> <span class='ocrx_word' id='word_1_9' title='bbox 358 533 428 590; x_wconf 88' lang='lat' dir='ltr'>fides</span> <span class='ocrx_word' id='word_1_10' title='bbox 441 534 547 604; x_wconf 65' lang='lat' dir='ltr'>euntis,</span> <span class='ocrx_word' id='word_1_11' title='bbox 562 542 713 612; x_wconf 87' lang='lat' dir='ltr'>antequam</span> <span class='ocrx_word' id='word_1_12' title='bbox 724 533 875 593; x_wconf 74' lang='lat' dir='ltr'>Caesarem</span> <span class='ocrx_word' id='word_1_13' title='bbox 888 537 994 593; x_wconf 86' lang='lat' dir='ltr'>exerci-</span> 
     </span>
    </p>
   </div>
   <div class='ocr_carea' id='block_1_3' title="bbox 98 637 992 824">
    <p class='ocr_par' dir='ltr' id='par_1_3' title="bbox 98 637 992 824">
     <span class='ocr_line' id='line_1_3' title="bbox 98 637 474 712; baseline 0.013 -20"><span class='ocrx_word' id='word_1_14' title='bbox 98 645 212 712; x_wconf 89' lang='lat' dir='ltr'>tumque</span> <span class='ocrx_word' id='word_1_15' title='bbox 225 637 356 695; x_wconf 87' lang='lat' dir='ltr'>reducem</span> <span class='ocrx_word' id='word_1_16' title='bbox 369 639 474 697; x_wconf 83' lang='lat' dir='ltr'>videre.</span> 
     </span>
     <span class='ocr_line' id='line_1_4' title="bbox 133 742 992 824; baseline 0.005 -25"><span class='ocrx_word' id='word_1_17' title='bbox 133 742 247 800; x_wconf 87' lang='lat' dir='ltr'><strong>LXXI.</strong></span> <span class='ocrx_word' id='word_1_18' title='bbox 279 744 346 803; x_wconf 88' lang='lat' dir='ltr'>Jam</span> <span class='ocrx_word' id='word_1_19' title='bbox 361 744 510 803; x_wconf 83' lang='lat' dir='ltr'>Stertinius</span> <span class='ocrx_word' id='word_1_20' title='bbox 524 746 560 805; x_wconf 85' lang='lat' dir='ltr'>ad</span> <span class='ocrx_word' id='word_1_21' title='bbox 573 745 767 824; x_wconf 87' lang='lat' dir='ltr'>adcipiendum</span> <span class='ocrx_word' id='word_1_22' title='bbox 780 747 809 804; x_wconf 92' lang='lat' dir='ltr'>in</span> <span class='ocrx_word' id='word_1_23' title='bbox 824 745 992 805; x_wconf 89' lang='lat' dir='ltr'>deditionem</span> 
     </span>
    </p>
   </div>
   <div class='ocr_carea' id='block_1_4' title="bbox 16 847 993 936">
    <p class='ocr_par' dir='ltr' id='par_1_4' title="bbox 16 847 993 936">
     <span class='ocr_line' id='line_1_5' title="bbox 16 847 993 936; baseline 0.004 -31"><span class='ocrx_word' id='word_1_24' title='bbox 16 921 17 936; x_wconf 17' lang='grc' dir='ltr'>ἢ</span> <span class='ocrx_word' id='word_1_25' title='bbox 99 847 282 925; x_wconf 84' lang='lat' dir='ltr'>Segimerum‚</span> <span class='ocrx_word' id='word_1_26' title='bbox 291 849 409 907; x_wconf 81' lang='lat' dir='ltr'>fratrem</span> <span class='ocrx_word' id='word_1_27' title='bbox 420 850 553 928; x_wconf 79' lang='lat' dir='ltr'>Segestis,</span> <span class='ocrx_word' id='word_1_28' title='bbox 567 852 745 930; x_wconf 89' lang='lat' dir='ltr'>praemissus,</span> <span class='ocrx_word' id='word_1_29' title='bbox 756 852 848 929; x_wconf 90' lang='lat' dir='ltr'>ipsum</span> <span class='ocrx_word' id='word_1_30' title='bbox 862 852 993 910; x_wconf 81' lang='lat' dir='ltr'>etlilium</span> 
     </span>
    </p>
   </div>
   <div class='ocr_carea' id='block_1_5' title="bbox 97 954 990 1035">
    <p class='ocr_par' dir='ltr' id='par_1_5' title="bbox 97 954 990 1035">
     <span class='ocr_line' id='line_1_6' title="bbox 97 954 990 1035; baseline 0.007 -26"><span class='ocrx_word' id='word_1_31' title='bbox 97 954 157 1029; x_wconf 87' lang='lat' dir='ltr'>ejus</span> <span class='ocrx_word' id='word_1_32' title='bbox 170 954 199 1010; x_wconf 91' lang='lat' dir='ltr'>in</span> <span class='ocrx_word' id='word_1_33' title='bbox 214 955 354 1012; x_wconf 85' lang='lat' dir='ltr'>civitatem</span> <span class='ocrx_word' id='word_1_34' title='bbox 368 956 508 1016; x_wconf 86' lang='lat' dir='ltr'><strong>Ubiorum</strong></span> <span class='ocrx_word' id='word_1_35' title='bbox 525 957 711 1035; x_wconf 77' lang='lat' dir='ltr'>perduxeratz</span> <span class='ocrx_word' id='word_1_36' title='bbox 731 956 797 1016; x_wconf 84' lang='lat' dir='ltr'>data</span> <span class='ocrx_word' id='word_1_37' title='bbox 813 958 926 1035; x_wconf 87' lang='lat' dir='ltr'>utrique</span> <span class='ocrx_word' id='word_1_38' title='bbox 941 978 990 1015; x_wconf 85' lang='lat' dir='ltr'>ve·</span> 
     </span>
    </p>
   </div>
   <div class='ocr_carea' id='block_1_6' title="bbox 16 1059 990 1351">
    <p class='ocr_par' dir='ltr' id='par_1_6' title="bbox 16 1059 990 1351">
     <span class='ocr_line' id='line_1_7' title="bbox 16 1059 990 1144; baseline 0.004 -27"><span class='ocrx_word' id='word_1_39' title='bbox 16 1085 17 1144; x_wconf 66' lang='lat' dir='ltr'>f</span> <span class='ocrx_word' id='word_1_40' title='bbox 97 1061 163 1128; x_wconf 85' lang='lat' dir='ltr'>nia3</span> <span class='ocrx_word' id='word_1_41' title='bbox 189 1059 272 1118; x_wconf 78' lang='lat' dir='ltr'>facile</span> <span class='ocrx_word' id='word_1_42' title='bbox 298 1060 451 1138; x_wconf 84' lang='lat' dir='ltr'>Segimero,</span> <span class='ocrx_word' id='word_1_43' title='bbox 474 1063 650 1121; x_wconf 76' lang='lat' dir='ltr'>cunctantius</span> <span class='ocrx_word' id='word_1_44' title='bbox 678 1063 744 1132; x_wconf 83' lang='lat' dir='ltr'>filio,</span> <span class='ocrx_word' id='word_1_45' title='bbox 769 1063 835 1140; x_wconf 87' lang='lat' dir='ltr'>quia</span> <span class='ocrx_word' id='word_1_46' title='bbox 858 1063 990 1127; x_wconf 86' lang='lat' dir='ltr'>Quintilii</span> 
     </span>
     <span class='ocr_line' id='line_1_8' title="bbox 16 1163 989 1262; baseline 0.006 -41"><span class='ocrx_word' id='word_1_47' title='bbox 16 1191 21 1262; x_wconf 42' lang='lat' dir='ltr'><em>J</em></span> <span class='ocrx_word' id='word_1_48' title='bbox 97 1163 165 1222; x_wconf 84' lang='lat' dir='ltr'>Vari</span> <span class='ocrx_word' id='word_1_49' title='bbox 179 1184 279 1244; x_wconf 85' lang='lat' dir='ltr'>corpus</span> <span class='ocrx_word' id='word_1_50' title='bbox 291 1167 421 1226; x_wconf 86' lang='lat' dir='ltr'>inlusisse</span> <span class='ocrx_word' id='word_1_51' title='bbox 439 1168 593 1226; x_wconf 87' lang='lat' dir='ltr'>dicebatur.</span> <span class='ocrx_word' id='word_1_52' title='bbox 633 1168 767 1227; x_wconf 84' lang='lat' dir='ltr'>Ceterum</span> <span class='ocrx_word' id='word_1_53' title='bbox 785 1168 821 1225; x_wconf 88' lang='lat' dir='ltr'>ad</span> <span class='ocrx_word' id='word_1_54' title='bbox 835 1169 989 1245; x_wconf 87' lang='lat' dir='ltr'>subplenda</span> 
     </span>
     <span class='ocr_line' id='line_1_9' title="bbox 16 1265 987 1351; baseline 0.006 -26"><span class='ocrx_word' id='word_1_55' title='bbox 16 1265 17 1276; x_wconf 53' lang='lat'>¹</span> <span class='ocrx_word' id='word_1_56' title='bbox 95 1270 228 1327; x_wconf 89' lang='lat' dir='ltr'>exercitus</span> <span class='ocrx_word' id='word_1_57' title='bbox 255 1271 356 1329; x_wconf 87' lang='lat' dir='ltr'>damna</span> <span class='ocrx_word' id='word_1_58' title='bbox 381 1280 523 1330; x_wconf 79' lang='lat' dir='ltr'>certavere</span> <span class='ocrx_word' id='word_1_59' title='bbox 547 1272 668 1342; x_wconf 82' lang='lat' dir='ltr'>Galbae,</span> <span class='ocrx_word' id='word_1_60' title='bbox 696 1273 860 1351; x_wconf 80' lang='lat' dir='ltr'>Hispaniae,</span> <span class='ocrx_word' id='word_1_61' title='bbox 896 1272 987 1343; x_wconf 86' lang='lat' dir='ltr'>Italia,</span> 
     </span>
    </p>
   </div>
   <div class='ocr_carea' id='block_1_7' title="bbox 97 1374 986 1454">
    <p class='ocr_par' dir='ltr' id='par_1_7' title="bbox 97 1374 986 1454">
     <span class='ocr_line' id='line_1_10' title="bbox 97 1374 986 1454; baseline 0.004 -24"><span class='ocrx_word' id='word_1_62' title='bbox 97 1374 169 1450; x_wconf 88' lang='lat' dir='ltr'>quod</span> <span class='ocrx_word' id='word_1_63' title='bbox 178 1376 278 1451; x_wconf 89' lang='lat' dir='ltr'>cuique</span> <span class='ocrx_word' id='word_1_64' title='bbox 291 1384 458 1454; x_wconf 89' lang='lat' dir='ltr'>promptum,</span> <span class='ocrx_word' id='word_1_65' title='bbox 472 1396 559 1446; x_wconf 88' lang='lat' dir='ltr'>arma,</span> <span class='ocrx_word' id='word_1_66' title='bbox 571 1396 666 1454; x_wconf 88' lang='lat' dir='ltr'>equos,</span> <span class='ocrx_word' id='word_1_67' title='bbox 681 1396 790 1446; x_wconf 89' lang='lat' dir='ltr'>aurum,</span> <span class='ocrx_word' id='word_1_68' title='bbox 804 1377 963 1435; x_wconf 81' lang='lat' dir='ltr'>obserantes</span> <span class='ocrx_word' id='word_1_69' title='bbox 979 1398 986 1434; x_wconf 90' lang='lat'>:</span> 
     </span>
    </p>
   </div>
   <div class='ocr_carea' id='block_1_8' title="bbox 15 1481 987 1566">
    <p class='ocr_par' dir='ltr' id='par_1_8' title="bbox 15 1481 987 1566">
     <span class='ocr_line' id='line_1_11' title="bbox 15 1481 987 1566; baseline 0.002 -29"><span class='ocrx_word' id='word_1_70' title='bbox 15 1555 16 1566; x_wconf 10' lang='grc' dir='ltr'>ἵ</span> <span class='ocrx_word' id='word_1_71' title='bbox 97 1499 211 1556; x_wconf 79' lang='lat' dir='ltr'>quonam</span> <span class='ocrx_word' id='word_1_72' title='bbox 224 1481 336 1540; x_wconf 83' lang='lat' dir='ltr'>laudato</span> <span class='ocrx_word' id='word_1_73' title='bbox 350 1481 442 1539; x_wconf 88' lang='lat' dir='ltr'>studio</span> <span class='ocrx_word' id='word_1_74' title='bbox 456 1482 651 1551; x_wconf 77' lang='lat' dir='ltr'>Germanicam,</span> <span class='ocrx_word' id='word_1_75' title='bbox 664 1483 749 1541; x_wconf 87' lang='lat' dir='ltr'>armis</span> <span class='ocrx_word' id='word_1_76' title='bbox 762 1482 846 1540; x_wconf 89' lang='lat' dir='ltr'>modo</span> <span class='ocrx_word' id='word_1_77' title='bbox 860 1491 889 1539; x_wconf 90' lang='lat' dir='ltr'>et</span> <span class='ocrx_word' id='word_1_78' title='bbox 906 1483 987 1558; x_wconf 90' lang='lat' dir='ltr'>equis</span> 
     </span>
    </p>
   </div>
   <div class='ocr_carea' id='block_1_9' title="bbox 96 1586 986 2723">
    <p class='ocr_par' dir='ltr' id='par_1_9' title="bbox 97 1586 986 2087">
     <span class='ocr_line' id='line_1_12' title="bbox 97 1586 986 1666; baseline 0.002 -23"><span class='ocrx_word' id='word_1_79' title='bbox 97 1586 128 1644; x_wconf 85' lang='lat' dir='ltr'>ad</span> <span class='ocrx_word' id='word_1_80' title='bbox 140 1587 245 1645; x_wconf 91' lang='lat' dir='ltr'>bellurn</span> <span class='ocrx_word' id='word_1_81' title='bbox 258 1589 384 1665; x_wconf 86' lang='lat' dir='ltr'>sumptis,</span> <span class='ocrx_word' id='word_1_82' title='bbox 397 1589 510 1665; x_wconf 88' lang='lat' dir='ltr'>propria</span> <span class='ocrx_word' id='word_1_83' title='bbox 523 1589 642 1666; x_wconf 89' lang='lat' dir='ltr'>pecunia</span> <span class='ocrx_word' id='word_1_84' title='bbox 653 1588 770 1645; x_wconf 90' lang='lat' dir='ltr'>militem</span> <span class='ocrx_word' id='word_1_85' title='bbox 785 1588 879 1663; x_wconf 86' lang='lat' dir='ltr'>juvit:</span> <span class='ocrx_word' id='word_1_86' title='bbox 899 1597 986 1664; x_wconf 86' lang='lat' dir='ltr'>utque</span> 
     </span>
     <span class='ocr_line' id='line_1_13' title="bbox 97 1692 986 1761; baseline 0.001 -13"><span class='ocrx_word' id='word_1_87' title='bbox 97 1692 176 1749; x_wconf 87' lang='lat' dir='ltr'>cladis</span> <span class='ocrx_word' id='word_1_88' title='bbox 194 1693 357 1751; x_wconf 85' lang='lat' dir='ltr'>memoriam</span> <span class='ocrx_word' id='word_1_89' title='bbox 373 1694 458 1750; x_wconf 88' lang='lat' dir='ltr'>etiam</span> <span class='ocrx_word' id='word_1_90' title='bbox 477 1692 608 1750; x_wconf 89' lang='lat' dir='ltr'>comitate</span> <span class='ocrx_word' id='word_1_91' title='bbox 625 1692 734 1761; x_wconf 89' lang='lat' dir='ltr'>leniret,</span> <span class='ocrx_word' id='word_1_92' title='bbox 756 1692 903 1749; x_wconf 88' lang='lat' dir='ltr'>circumire</span> <span class='ocrx_word' id='word_1_93' title='bbox 922 1712 986 1749; x_wconf 86' lang='lat' dir='ltr'>sau-</span> 
     </span>
     <span class='ocr_line' id='line_1_14' title="bbox 98 1796 984 1875; baseline -0.003 -20"><span class='ocrx_word' id='word_1_94' title='bbox 98 1799 157 1866; x_wconf 90' lang='lat' dir='ltr'>cios,</span> <span class='ocrx_word' id='word_1_95' title='bbox 167 1799 245 1857; x_wconf 83' lang='lat' dir='ltr'>facta</span> <span class='ocrx_word' id='word_1_96' title='bbox 258 1798 433 1875; x_wconf 84' lang='lat' dir='ltr'>singulorum</span> <span class='ocrx_word' id='word_1_97' title='bbox 450 1797 603 1865; x_wconf 77' lang='lat' dir='ltr'>extollere3</span> <span class='ocrx_word' id='word_1_98' title='bbox 622 1797 740 1854; x_wconf 89' lang='lat' dir='ltr'>vulnera</span> <span class='ocrx_word' id='word_1_99' title='bbox 757 1796 878 1864; x_wconf 88' lang='lat' dir='ltr'>intuens,</span> <span class='ocrx_word' id='word_1_100' title='bbox 898 1796 984 1853; x_wconf 90' lang='lat' dir='ltr'>alium</span> 
     </span>
     <span class='ocr_line' id='line_1_15' title="bbox 99 1903 984 1983; baseline -0.003 -19"><span class='ocrx_word' id='word_1_101' title='bbox 99 1926 150 1983; x_wconf 88' lang='lat' dir='ltr'>spe,</span> <span class='ocrx_word' id='word_1_102' title='bbox 173 1906 258 1964; x_wconf 85' lang='lat' dir='ltr'>alium</span> <span class='ocrx_word' id='word_1_103' title='bbox 280 1905 378 1983; x_wconf 84' lang='lat' dir='ltr'>gloria,</span> <span class='ocrx_word' id='word_1_104' title='bbox 400 1914 516 1963; x_wconf 87' lang='lat' dir='ltr'>cunctas</span> <span class='ocrx_word' id='word_1_105' title='bbox 537 1904 668 1982; x_wconf 87' lang='lat' dir='ltr'>adloquio</span> <span class='ocrx_word' id='word_1_106' title='bbox 688 1912 717 1961; x_wconf 89' lang='lat' dir='ltr'>et</span> <span class='ocrx_word' id='word_1_107' title='bbox 738 1922 806 1961; x_wconf 88' lang='lat' dir='ltr'>cura</span> <span class='ocrx_word' id='word_1_108' title='bbox 827 1903 935 1979; x_wconf 89' lang='lat' dir='ltr'>sibique</span> <span class='ocrx_word' id='word_1_109' title='bbox 956 1913 984 1961; x_wconf 90' lang='lat' dir='ltr'>et</span> 
     </span>
     <span class='ocr_line' id='line_1_16' title="bbox 97 2012 345 2087; baseline 0.004 -20"><span class='ocrx_word' id='word_1_110' title='bbox 97 2012 194 2087; x_wconf 90' lang='lat' dir='ltr'>proelio</span> <span class='ocrx_word' id='word_1_111' title='bbox 207 2012 345 2069; x_wconf 75' lang='lat' dir='ltr'>firmabat.</span> 
     </span>
    </p>

    <p class='ocr_par' dir='ltr' id='par_1_10' title="bbox 96 2113 985 2723">
     <span class='ocr_line' id='line_1_17' title="bbox 132 2113 985 2191; baseline -0.002 -18"><span class='ocrx_word' id='word_1_112' title='bbox 132 2115 254 2175; x_wconf 90' lang='lat' dir='ltr'><strong>LXXII.</strong></span> <span class='ocrx_word' id='word_1_113' title='bbox 303 2115 428 2173; x_wconf 76' lang='lat' dir='ltr'>Decreta</span> <span class='ocrx_word' id='word_1_114' title='bbox 450 2135 484 2173; x_wconf 91' lang='lat' dir='ltr'>eo</span> <span class='ocrx_word' id='word_1_115' title='bbox 505 2134 579 2173; x_wconf 84' lang='lat' dir='ltr'>anno</span> <span class='ocrx_word' id='word_1_116' title='bbox 600 2113 780 2191; x_wconf 82' lang='lat' dir='ltr'>triumphalia</span> <span class='ocrx_word' id='word_1_117' title='bbox 803 2114 924 2190; x_wconf 87' lang='lat' dir='ltr'>insignia</span> <span class='ocrx_word' id='word_1_118' title='bbox 945 2116 985 2172; x_wconf 90' lang='lat' dir='ltr'>A.</span> 
     </span>
     <span class='ocr_line' id='line_1_18' title="bbox 99 2218 981 2297; baseline 0 -19"><span class='ocrx_word' id='word_1_119' title='bbox 99 2220 234 2291; x_wconf 85' lang='lat' dir='ltr'>Caecinae,</span> <span class='ocrx_word' id='word_1_120' title='bbox 248 2220 284 2279; x_wconf 90' lang='lat' dir='ltr'>L.</span> <span class='ocrx_word' id='word_1_121' title='bbox 299 2221 438 2297; x_wconf 87' lang='lat' dir='ltr'>Apronio,</span> <span class='ocrx_word' id='word_1_122' title='bbox 453 2220 487 2279; x_wconf 86' lang='lat' dir='ltr'>C.</span> <span class='ocrx_word' id='word_1_123' title='bbox 502 2219 582 2287; x_wconf 88' lang='lat' dir='ltr'>Silio,</span> <span class='ocrx_word' id='word_1_124' title='bbox 604 2219 640 2277; x_wconf 93' lang='lat' dir='ltr'>ob</span> <span class='ocrx_word' id='word_1_125' title='bbox 660 2238 706 2277; x_wconf 88' lang='lat' dir='ltr'>res</span> <span class='ocrx_word' id='word_1_126' title='bbox 727 2238 791 2277; x_wconf 90' lang='lat' dir='ltr'>cum</span> <span class='ocrx_word' id='word_1_127' title='bbox 810 2218 981 2278; x_wconf 88' lang='lat' dir='ltr'>Germanico</span> 
     </span>
     <span class='ocr_line' id='line_1_19' title="bbox 98 2326 980 2414; baseline 0 -29"><span class='ocrx_word' id='word_1_128' title='bbox 98 2338 213 2414; x_wconf 84' lang='lat' dir='ltr'>gestas</span> <span class='ocrx_word' id='word_1_129' title='bbox 229 2399 232 2408; x_wconf 23' lang='grc' dir='ltr'><em>ι</em></span> <span class='ocrx_word' id='word_1_130' title='bbox 260 2347 343 2386; x_wconf 88' lang='lat' dir='ltr'>omen</span> <span class='ocrx_word' id='word_1_131' title='bbox 350 2329 445 2403; x_wconf 64' lang='lat' dir='ltr'>pateas</span> <span class='ocrx_word' id='word_1_132' title='bbox 451 2329 567 2403; x_wconf 79' lang='lat' dir='ltr'>patriae</span> <span class='ocrx_word' id='word_1_133' title='bbox 576 2326 715 2395; x_wconf 88' lang='lat' dir='ltr'>Tiberius,</span> <span class='ocrx_word' id='word_1_134' title='bbox 729 2327 859 2404; x_wconf 85' lang='lat' dir='ltr'>apopulo</span> <span class='ocrx_word' id='word_1_135' title='bbox 871 2329 980 2405; x_wconf 90' lang='lat' dir='ltr'>saepius</span> 
     </span>
     <span class='ocr_line' id='line_1_20' title="bbox 97 2404 980 2511; baseline 0.001 -21"><span class='ocrx_word' id='word_1_136' title='bbox 97 2404 234 2509; x_wconf 47' lang='lat' dir='ltr'>ingeblrffi,</span> <span class='ocrx_word' id='word_1_137' title='bbox 255 2433 430 2511; x_wconf 86' lang='lat' dir='ltr'>repudiavit;</span> <span class='ocrx_word' id='word_1_138' title='bbox 448 2452 540 2509; x_wconf 88' lang='lat' dir='ltr'>neque</span> <span class='ocrx_word' id='word_1_139' title='bbox 559 2434 590 2489; x_wconf 93' lang='lat' dir='ltr'>in</span> <span class='ocrx_word' id='word_1_140' title='bbox 613 2440 676 2490; x_wconf 87' lang='lat' dir='ltr'>acta</span> <span class='ocrx_word' id='word_1_141' title='bbox 697 2452 748 2490; x_wconf 88' lang='lat' dir='ltr'>sua</span> <span class='ocrx_word' id='word_1_142' title='bbox 764 2433 863 2508; x_wconf 88' lang='lat' dir='ltr'>jurari,</span> <span class='ocrx_word' id='word_1_143' title='bbox 882 2454 980 2510; x_wconf 87' lang='lat' dir='ltr'>quarn·</span> 
     </span>
     <span class='ocr_line' id='line_1_21' title="bbox 98 2537 980 2615; baseline 0 -18"><span class='ocrx_word' id='word_1_144' title='bbox 98 2558 171 2615; x_wconf 87' lang='lat' dir='ltr'>quarn</span> <span class='ocrx_word' id='word_1_145' title='bbox 193 2547 324 2599; x_wconf 80' lang='lat' dir='ltr'>censente</span> <span class='ocrx_word' id='word_1_146' title='bbox 341 2547 448 2601; x_wconf 86' lang='lat' dir='ltr'>senatu,</span> <span class='ocrx_word' id='word_1_147' title='bbox 464 2538 607 2614; x_wconf 78' lang='lat' dir='ltr'>permisit:</span> <span class='ocrx_word' id='word_1_148' title='bbox 635 2549 734 2596; x_wconf 72' lang='lat' dir='ltr'>cancta</span> <span class='ocrx_word' id='word_1_149' title='bbox 754 2537 915 2597; x_wconf 77' lang='lat' dir='ltr'>mortalium</span> <span class='ocrx_word' id='word_1_150' title='bbox 935 2542 980 2597; x_wconf 78' lang='lat' dir='ltr'>ia-</span> 
     </span>
     <span class='ocr_line' id='line_1_22' title="bbox 96 2644 979 2723; baseline 0 -22"><span class='ocrx_word' id='word_1_151' title='bbox 96 2657 159 2705; x_wconf 78' lang='lat' dir='ltr'>cota</span> <span class='ocrx_word' id='word_1_152' title='bbox 168 2666 181 2711; x_wconf 90' lang='lat'><em>;</em></span> <span class='ocrx_word' id='word_1_153' title='bbox 202 2655 356 2723; x_wconf 79' lang='lat' dir='ltr'>quantaque</span> <span class='ocrx_word' id='word_1_154' title='bbox 375 2644 443 2720; x_wconf 78' lang='lat' dir='ltr'>plac</span> <span class='ocrx_word' id='word_1_155' title='bbox 462 2645 578 2720; x_wconf 80' lang='lat' dir='ltr'>adeptas</span> <span class='ocrx_word' id='word_1_156' title='bbox 590 2645 816 2718; x_wconf 67' lang='lat' dir='ltr'>feretranam</span> <span class='ocrx_word' id='word_1_157' title='bbox 836 2646 926 2720; x_wconf 72' lang='lat' dir='ltr'>mayr&#39;s</span> <span class='ocrx_word' id='word_1_158' title='bbox 946 2647 979 2702; x_wconf 79' lang='lat' dir='ltr'>ia</span> 
     </span>
    </p>
   </div>
   <div class='ocr_carea' id='block_1_10' title="bbox 15 2745 976 2820">
    <p class='ocr_par' dir='ltr' id='par_1_11' title="bbox 15 2745 976 2820">
     <span class='ocr_line' id='line_1_23' title="bbox 15 2745 976 2820; baseline 0.006 -20"><span class='ocrx_word' id='word_1_159' title='bbox 15 2797 19 2820; x_wconf 74' lang='grc'>,</span> <span class='ocrx_word' id='word_1_160' title='bbox 97 2745 188 2807; x_wconf 74' lang='lat' dir='ltr'>lubrico</span> <span class='ocrx_word' id='word_1_161' title='bbox 208 2748 345 2805; x_wconf 80' lang='lat' dir='ltr'>dictitam.</span> <span class='ocrx_word' id='word_1_162' title='bbox 386 2746 453 2804; x_wconf 91' lang='lat' dir='ltr'>Non</span> <span class='ocrx_word' id='word_1_163' title='bbox 466 2755 560 2804; x_wconf 85' lang='lat' dir='ltr'>tamen</span> <span class='ocrx_word' id='word_1_164' title='bbox 578 2746 775 2806; x_wconf 79' lang='lat' dir='ltr'>ideosaciebat</span> <span class='ocrx_word' id='word_1_165' title='bbox 789 2746 872 2803; x_wconf 88' lang='lat' dir='ltr'>fidem</span> <span class='ocrx_word' id='word_1_166' title='bbox 887 2748 976 2805; x_wconf 90' lang='lat' dir='ltr'>civilis</span> 
     </span>
    </p>
   </div>
   <div class='ocr_carea' id='block_1_11' title="bbox 95 2851 977 3037">
    <p class='ocr_par' dir='ltr' id='par_1_12' title="bbox 95 2851 977 3037">
     <span class='ocr_line' id='line_1_24' title="bbox 97 2851 977 2930; baseline 0.001 -19"><span class='ocrx_word' id='word_1_167' title='bbox 97 2853 171 2910; x_wconf 83' lang='lat' dir='ltr'>animi</span> <span class='ocrx_word' id='word_1_168' title='bbox 181 2875 189 2911; x_wconf 74' lang='grc' dir='ltr'><strong>ε</strong></span> <span class='ocrx_word' id='word_1_169' title='bbox 201 2872 267 2911; x_wconf 88' lang='lat' dir='ltr'>nam</span> <span class='ocrx_word' id='word_1_170' title='bbox 280 2852 373 2928; x_wconf 84' lang='lat' dir='ltr'>legem</span> <span class='ocrx_word' id='word_1_171' title='bbox 385 2852 540 2927; x_wconf 87' lang='lat' dir='ltr'>majestatis</span> <span class='ocrx_word' id='word_1_172' title='bbox 553 2851 718 2920; x_wconf 78' lang='lat' dir='ltr'>reduxerat3</span> <span class='ocrx_word' id='word_1_173' title='bbox 732 2852 776 2909; x_wconf 90' lang='lat' dir='ltr'>cui</span> <span class='ocrx_word' id='word_1_174' title='bbox 786 2871 889 2910; x_wconf 90' lang='lat' dir='ltr'>nomen</span> <span class='ocrx_word' id='word_1_175' title='bbox 903 2855 977 2930; x_wconf 85' lang='lat' dir='ltr'>apud</span> 
     </span>
     <span class='ocr_line' id='line_1_25' title="bbox 95 2951 975 3037; baseline 0.008 -26"><span class='ocrx_word' id='word_1_176' title='bbox 95 2966 191 3016; x_wconf 84' lang='lat' dir='ltr'>veteres</span> <span class='ocrx_word' id='word_1_177' title='bbox 214 2957 298 3026; x_wconf 90' lang='lat' dir='ltr'>idem,</span> <span class='ocrx_word' id='word_1_178' title='bbox 317 2955 367 3013; x_wconf 87' lang='lat' dir='ltr'>sed</span> <span class='ocrx_word' id='word_1_179' title='bbox 387 2951 447 3013; x_wconf 85' lang='lat' dir='ltr'>aliu¹</span> <span class='ocrx_word' id='word_1_180' title='bbox 464 2956 495 3012; x_wconf 92' lang='lat' dir='ltr'>in</span> <span class='ocrx_word' id='word_1_181' title='bbox 512 2955 651 3033; x_wconf 88' lang='lat' dir='ltr'>judicium</span> <span class='ocrx_word' id='word_1_182' title='bbox 674 2957 842 3015; x_wconf 85' lang='lat' dir='ltr'>veniebant:</span> <span class='ocrx_word' id='word_1_183' title='bbox 867 2959 891 3015; x_wconf 87' lang='lat' dir='ltr'>si</span> <span class='ocrx_word' id='word_1_184' title='bbox 912 2961 975 3037; x_wconf 84' lang='lat' dir='ltr'>quis</span> 
     </span>
    </p>
   </div>
   <div class='ocr_carea' id='block_1_12' title="bbox 15 3062 976 3246">
    <p class='ocr_par' dir='ltr' id='par_1_13' title="bbox 15 3062 976 3246">
     <span class='ocr_line' id='line_1_26' title="bbox 15 3062 976 3148; baseline 0.006 -30"><span class='ocrx_word' id='word_1_185' title='bbox 15 3133 19 3148; x_wconf 45' lang='grc' dir='ltr'>Ι</span> <span class='ocrx_word' id='word_1_186' title='bbox 93 3062 236 3136; x_wconf 87' lang='lat' dir='ltr'>proditione</span> <span class='ocrx_word' id='word_1_187' title='bbox 260 3062 421 3130; x_wconf 86' lang='lat' dir='ltr'>exercitum,</span> <span class='ocrx_word' id='word_1_188' title='bbox 444 3069 493 3119; x_wconf 88' lang='lat' dir='ltr'>aut</span> <span class='ocrx_word' id='word_1_189' title='bbox 513 3062 624 3138; x_wconf 90' lang='lat' dir='ltr'>plebem</span> <span class='ocrx_word' id='word_1_190' title='bbox 644 3063 834 3133; x_wconf 88' lang='lat' dir='ltr'>seditionibus,</span> <span class='ocrx_word' id='word_1_191' title='bbox 857 3065 976 3143; x_wconf 88' lang='lat' dir='ltr'>denique</span> 
     </span>
     <span class='ocr_line' id='line_1_27' title="bbox 15 3167 976 3246; baseline 0.005 -21"><span class='ocrx_word' id='word_1_192' title='bbox 15 3171 18 3182; x_wconf 93' lang='lat'>&#39;</span> <span class='ocrx_word' id='word_1_193' title='bbox 93 3167 157 3225; x_wconf 83' lang='lat' dir='ltr'>male</span> <span class='ocrx_word' id='word_1_194' title='bbox 168 3178 246 3245; x_wconf 83' lang='lat' dir='ltr'>gesta</span> <span class='ocrx_word' id='word_1_195' title='bbox 259 3188 290 3225; x_wconf 85' lang='lat' dir='ltr'>re</span> <span class='ocrx_word' id='word_1_196' title='bbox 303 3167 415 3246; x_wconf 85' lang='lat' dir='ltr'>publica</span> <span class='ocrx_word' id='word_1_197' title='bbox 427 3167 603 3243; x_wconf 86' lang='lat' dir='ltr'>majestatem</span> <span class='ocrx_word' id='word_1_198' title='bbox 615 3167 711 3245; x_wconf 90' lang='lat' dir='ltr'>populi</span> <span class='ocrx_word' id='word_1_199' title='bbox 725 3167 847 3227; x_wconf 88' lang='lat' dir='ltr'>Romani</span> <span class='ocrx_word' id='word_1_200' title='bbox 860 3173 976 3231; x_wconf 87' lang='lat' dir='ltr'>minuis·</span> 
     </span>
    </p>
   </div>
   <div class='ocr_carea' id='block_1_13' title="bbox 93 3272 974 3349">
    <p class='ocr_par' dir='ltr' id='par_1_14' title="bbox 93 3272 974 3349">
     <span class='ocr_line' id='line_1_28' title="bbox 93 3272 974 3349; baseline 0.009 -23"><span class='ocrx_word' id='word_1_201' title='bbox 93 3280 147 3330; x_wconf 84' lang='lat' dir='ltr'>set:</span> <span class='ocrx_word' id='word_1_202' title='bbox 171 3274 246 3332; x_wconf 82' lang='lat' dir='ltr'>facta</span> <span class='ocrx_word' id='word_1_203' title='bbox 271 3272 469 3349; x_wconf 80' lang='lat' dir='ltr'>arguebantur,</span> <span class='ocrx_word' id='word_1_204' title='bbox 494 3272 568 3330; x_wconf 85' lang='lat' dir='ltr'>dieta</span> <span class='ocrx_word' id='word_1_205' title='bbox 590 3272 694 3349; x_wconf 89' lang='lat' dir='ltr'>inpune</span> <span class='ocrx_word' id='word_1_206' title='bbox 714 3282 803 3331; x_wconf 85' lang='lat' dir='ltr'>erant.</span> <span class='ocrx_word' id='word_1_207' title='bbox 862 3275 974 3334; x_wconf 90' lang='lat' dir='ltr'>Primus</span> 
     </span>
    </p>
   </div>
   <div class='ocr_carea' id='block_1_14' title="bbox 15 3376 973 3576">
    <p class='ocr_par' dir='ltr' id='par_1_15' title="bbox 15 3376 973 3576">
     <span class='ocr_line' id='line_1_29' title="bbox 15 3376 973 3470; baseline 0.007 -38"><span class='ocrx_word' id='word_1_208' title='bbox 15 3447 18 3458; x_wconf 36' lang='lat'>¹</span> <span class='ocrx_word' id='word_1_209' title='bbox 94 3377 229 3454; x_wconf 76' lang='lat' dir='ltr'>Augustus</span> <span class='ocrx_word' id='word_1_210' title='bbox 253 3377 441 3456; x_wconf 80' lang='lat' dir='ltr'>cognitionem</span> <span class='ocrx_word' id='word_1_211' title='bbox 464 3377 499 3434; x_wconf 89' lang='lat' dir='ltr'>de</span> <span class='ocrx_word' id='word_1_212' title='bbox 521 3378 636 3436; x_wconf 82' lang='lat' dir='ltr'>famosis</span> <span class='ocrx_word' id='word_1_213' title='bbox 658 3376 768 3470; x_wconf 74' lang='lat' dir='ltr'>libeliis,</span> <span class='ocrx_word' id='word_1_214' title='bbox 789 3381 880 3457; x_wconf 90' lang='lat' dir='ltr'>specie</span> <span class='ocrx_word' id='word_1_215' title='bbox 903 3381 973 3456; x_wconf 84' lang='lat' dir='ltr'>legis</span> 
     </span>
     <span class='ocr_line' id='line_1_30' title="bbox 15 3465 972 3576; baseline 0.005 -39"><span class='ocrx_word' id='word_1_216' title='bbox 15 3465 19 3576; x_wconf 63' lang='lat' dir='ltr'>i</span> <span class='ocrx_word' id='word_1_217' title='bbox 93 3482 155 3557; x_wconf 86' lang='lat' dir='ltr'>ejus,</span> <span class='ocrx_word' id='word_1_218' title='bbox 167 3486 303 3555; x_wconf 83' lang='lat' dir='ltr'>tractavit,</span> <span class='ocrx_word' id='word_1_219' title='bbox 318 3493 463 3542; x_wconf 90' lang='lat' dir='ltr'>conmotus</span> <span class='ocrx_word' id='word_1_220' title='bbox 475 3483 567 3544; x_wconf 85' lang='lat' dir='ltr'>Cassii</span> <span class='ocrx_word' id='word_1_221' title='bbox 582 3481 679 3541; x_wconf 88' lang='lat' dir='ltr'>Severi</span> <span class='ocrx_word' id='word_1_222' title='bbox 691 3481 815 3552; x_wconf 90' lang='lat' dir='ltr'>libidine,</span> <span class='ocrx_word' id='word_1_223' title='bbox 829 3503 886 3559; x_wconf 86' lang='lat' dir='ltr'>qua</span> <span class='ocrx_word' id='word_1_224' title='bbox 897 3484 972 3542; x_wconf 89' lang='lat' dir='ltr'>viros</span> 
     </span>
    </p>
   </div>
   <div class='ocr_carea' id='block_1_15' title="bbox 792 3589 851 3642">
    <p class='ocr_par' dir='ltr' id='par_1_16' title="bbox 792 3589 851 3642">
     <span class='ocr_line' id='line_1_31' title="bbox 792 3589 851 3642; baseline 0 0"><span class='ocrx_word' id='word_1_225' title='bbox 792 3589 851 3642; x_wconf 83' lang='grc'>13</span> 
     </span>
    </p>
   </div>
   <div class='ocr_carea' id='block_1_16' title="bbox 0 0 1126 3992">
    <p class='ocr_par' dir='ltr' id='par_1_17' title="bbox 0 0 1126 3992">
     <span class='ocr_line' id='line_1_32' title="bbox 0 0 1126 3992; baseline 0 2"><span class='ocrx_word' id='word_1_226' title='bbox 0 0 1126 3992; x_wconf 95' lang='lat' dir='ltr'> </span> 
     </span>
    </p>
   </div>
  </div>
 </body>
</html>
