2242 3992
381 303 560 345 ‚inueniam
581 304 679 344 arnna
700 303 722 343 r.
962 289 1002 347 75

87 439 231 514 paternis
253 442 414 501 inimicitiis
436 444 522 512 dmm,
547 446 741 519 (quamquam
755 444 812 517 fas
834 444 871 501 sit
885 444 1004 519 priuata

94 544 167 601 odia
174 544 299 620 puhlicis
311 547 476 605 mutuatum
487 549 625 606 remittere
634 550 671 620 ;)
686 550 736 606 ced
748 549 918 625 Pompeium
931 551 1004 608 ima·

94 650 170 724 piae
180 653 273 725 pacis,
287 655 337 711 sed
349 654 493 730 Lepidum
512 656 602 730 specie
624 656 767 712 amicitiae
784 656 924 731 deceptos:
940 666 1006 731 post

99 755 272 826 Antonium,
288 758 443 817 Tarentino
466 760 699 836 Brundisinoque
712 762 828 835 foedere
851 772 877 819 et
896 763 1006 838 nuptiis

4 910 5 915 ,
101 862 502 934 manutenementum
521 867 677 943 adfinitatis
690 886 799 942 poenas
819 877 903 924 morte
922 867 1006 925 easd-

99 965 187 1022 ause.
229 968 335 1026 Pacem
354 971 415 1029 sine
435 971 517 1027 dubia
531 980 596 1047 post
613 972 689 1039 iaec,
711 991 809 1029 oerum
836 983 1003 1031 cruentam:

102 1070 263 1143 lollianae,
283 1074 477 1153 Varianasque
497 1076 608 1146 dudm,-
632 1079 785 1152 interfectos
807 1078 915 1137 Romae
933 1079 1006 1136 Vara

102 1196 196 1245 rames,
219 1179 362 1256 Epnatios,
377 1181 479 1241 Julius.
531 1180 594 1240 Nec
621 1182 779 1241 domesticis
806 1183 1007 1241 abstinebatur.

104 1282 234 1342 Abducta
248 1285 359 1344 Neroni
371 1307 449 1356 uuor,
469 1297 496 1345 et
514 1287 632 1345 concubi
644 1309 701 1364 per
719 1287 874 1346 ludibrium
890 1291 1008 1368 pontifi-

107 1407 159 1456 me,
182 1408 222 1446 an
245 1403 369 1468 concepto
390 1395 510 1451 necdum
533 1394 604 1450 edita
619 1403 710 1469 partu
729 1396 782 1452 rite
802 1394 938 1452 nuberet.-
971 1395 1007 1460 Q,

110 1484 196 1544 Tedii
217 1498 244 1545 et
260 1489 342 1547 Vedii
355 1490 492 1548 Pollionis
509 1488 611 1547 luxus:
628 1499 768 1565 postremo
793 1491 890 1560 Liuia,
910 1493 1008 1568 prauis

105 1584 141 1649 vin
152 1612 215 1649 rem
224 1593 368 1669 publicam
381 1605 478 1665 mater,
488 1597 587 1671 proma
599 1595 697 1652 domui
713 1594 869 1653 Caesarum
882 1616 1008 1654 noverca.

108 1697 195 1755 Nihil
205 1700 320 1757 denum
333 1701 479 1758 ianndus
492 1700 628 1769 rdinum,
643 1719 708 1758 cum
720 1720 749 1759 se
762 1700 871 1777 templis
884 1712 910 1759 et
921 1704 1009 1780 effipie

108 1805 265 1862 numinum
272 1825 329 1881 per
331 1808 470 1884 flamines
482 1816 509 1865 et
519 1807 670 1865 sacedotes
682 1805 734 1863 coli
747 1805 830 1863 vellet.
864 1804 911 1863 Ne
928 1806 1009 1866 Tibe·

108 1908 188 1966 rium
200 1911 315 1986 quidem
331 1913 445 1970 caritate
465 1921 516 1969 ant
534 1914 578 1970 rei
590 1910 721 1988 publime
741 1930 811 1968 cura
830 1930 1009 1970 cucumerem

74 2035 80 2044 ’
107 2014 269 2072 adscitum:
290 2018 340 2073 sed
360 2019 494 2093 qnoniam
517 2018 713 2094 admpantiam
733 2017 932 2092 saevitiamque
949 2018 1010 2092 a‘us

110 2120 311 2196 anuaspeuerit,
325 2123 521 2197 conparatione
534 2122 684 2178 deterrima
696 2119 751 2176 sibi
760 2119 883 2196 pluriam
900 2122 1010 2195 quaesi·

108 2225 191 2282 aisse.
233 2224 348 2282 Etenim
361 2226 519 2303 Auginum,
538 2226 635 2302 paucis
652 2233 718 2282 ante
737 2224 828 2293 annis,
847 2243 911 2281 cum
925 2223 1011 2281 Tibe-

106 2331 153 2389 rio
173 2329 353 2389 tribuniciam
372 2339 538 2409 potestatem
551 2350 570 2387 a
582 2331 708 2407 patribus
721 2348 834 2387 rursum
846 2329 1009 2407 postularet,

105 2455 281 2513 quamquam
301 2436 410 2495 honora
432 2438 567 2505 oratione,
586 2437 723 2514 quaedam
747 2436 782 2494 de
801 2436 900 2494 babitu
920 2436 1013 2494 cultu·

106 2561 167 2618 que
187 2550 218 2598 et
236 2542 371 2600 institutis
391 2543 453 2619 ejus
470 2543 587 2618 jecerat,
605 2561 677 2618 quae
690 2541 768 2600 velut
786 2540 945 2599 excusando
963 2560 1010 2597 ex-

105 2647 265 2724 probraret.

150 2751 206 2811 xl.
248 2752 382 2811 Ceterum
402 2751 545 2828 sepultura
565 2769 643 2808 more
666 2749 800 2827 perfecta,
820 2748 957 2825 templum
981 2758 1010 2806 et

105 2858 244 2917 caelestes
257 2857 407 2934 religiones
423 2855 621 2914 decernuntur.
661 2855 769 2912 Versae
786 2853 852 2911 inde
871 2854 908 2910 ad
923 2854 1008 2912 Tibe·

105 2966 181 3022 rium
193 2983 301 3041 preces.
342 2962 382 3020 Et
404 2961 454 3019 ille
476 2963 553 3020 varie
575 2961 737 3029 disserebat,
759 2959 794 3017 de
813 2960 1006 3037 magnitudine

103 3071 225 3149 imperii,
244 3089 295 3128 sua
311 3068 465 3151 modestia3
484 3068 572 3127 solam
592 3070 653 3125 diui
664 3064 790 3145 Aupmti
806 3078 926 3126 mentem
944 3079 1006 3127 tun·

103 3193 150 3240 tae
163 3181 244 3239 moin
256 3200 386 3256 capacem
393 3205 406 3249 ,-
420 3201 450 3237 se
463 3182 495 3237 in
503 3190 618 3255 partem
630 3199 766 3237 curarum
779 3178 813 3236 ab
824 3178 869 3236 ilio
882 3190 1008 3238 amatum

103 3287 270 3363 experiendo
283 3287 421 3354 didicisse,
435 3304 521 3361 quam
535 3285 669 3353 arduum,
682 3303 770 3360 quum
787 3284 1007 3360 subjectumsor-

61 3366 68 3375 ι
103 3401 190 3451 tunae
203 3391 318 3468 rependi
329 3399 429 3448 cuncta
450 3408 540 3447 onus:
553 3389 676 3464 proinde
689 3391 721 3447 in
734 3390 843 3447 civitate
861 3399 899 3446 tot
917 3388 960 3447 inl
994 3422 1005 3434 ·

103 3498 194 3556 tribuo
205 3497 277 3554 uiris
286 3496 405 3554 subnixa
416 3514 472 3553 non
480 3495 520 3553 ad
529 3513 621 3552 unum
631 3495 728 3552 omnia
737 3495 877 3567 defenent
887 3512 898 3548 .·
906 3492 1006 3568 plures
