2242 3992
371 371 547 415 annnorum
570 370 667 414 alasa
688 374 710 414 1.
949 354 989 411 89

23 558 24 567 ,
104 510 225 570 iudicium
247 511 344 588 magni
364 519 449 588 atque
472 511 648 589 inplacabilis
672 519 774 579 motus,
795 509 872 587 quod
897 527 989 585 neque

23 662 25 671 ,
104 617 210 692 disjecti,
224 636 276 674 nec
290 635 443 693 paucorum
456 616 600 684 instinctu,
615 615 665 673 sed
682 616 787 692 puriter
803 614 989 680 ardescerent,

23 758 25 817 Ι

103 721 197 796 pariter
212 721 346 790 silerent;
365 729 445 779 tanta
463 721 633 800 aequalitate
653 730 682 779 et
701 721 867 790 constantia,
880 728 913 777 ut
929 718 990 795 regi

23 884 24 897 χ
100 824 229 882 crederes.

133 929 275 988 XXXIII.
315 930 428 989 Interea
436 932 607 991 Germanico
620 951 672 1010 per
685 931 803 1000 Gallias,
813 938 845 987 ut
859 929 989 997 diximus,

22 1068 24 1143 l

99 1053 190 1092 census
211 1034 362 1113 adcipienti
382 1038 534 1095 excessisse
553 1038 716 1114 Augustum
735 1035 869 1092 adfertur.
910 1033 988 1111 Nep-

22 1208 24 1223 ἱ
98 1147 150 1196 tem
173 1141 236 1217 ejus
260 1141 449 1220 Agrippinam
472 1144 502 1201 in
525 1141 711 1210 matrimonio,
730 1139 880 1219 pluresque
900 1158 934 1195 ex
955 1157 989 1194 ea

98 1243 194 1302 liberos
221 1245 353 1304 habebat.
407 1246 472 1324 Ipse
501 1246 599 1304 Druso
625 1246 714 1304 fratre
735 1245 842 1304 Tiberii
868 1245 989 1321 genitus,

99 1350 240 1427 Augustae
253 1371 361 1429 nepos;
380 1354 431 1411 sed
443 1353 542 1411 anxius
556 1352 673 1410 occultis
693 1352 723 1409 in
743 1369 773 1407 se
793 1351 885 1429 patrui
898 1350 990 1407 aviae-

97 1475 146 1532 que
159 1457 240 1526 odiis,
255 1477 375 1535 quorum
388 1480 488 1518 causae
506 1461 637 1529 acriores,
655 1460 722 1538 quia
739 1459 867 1536 iniquae:
888 1458 991 1536 quippe

92 1560 181 1620 ,Drusi
194 1583 300 1640 magna
320 1565 394 1642 apud
407 1566 542 1644 populum
556 1566 679 1623 Romani
700 1566 843 1633 memoria,
858 1564 990 1622 credeba-

97 1678 201 1745 turque,
212 1669 236 1725 si
246 1688 342 1726 rerum
351 1671 456 1747 potitus
464 1671 547 1739 foret,
555 1670 713 1727 libertatern
724 1669 901 1727 redditurus:
915 1669 990 1726 unde

97 1772 121 1829 in
134 1774 336 1832 Germanicum
348 1776 430 1833 favor
443 1785 471 1834 et
485 1796 549 1854 spes
563 1776 668 1833 eadem
710 1773 785 1831 Nam
795 1774 894 1849 juveni
909 1774 990 1830 civile

97 1880 244 1956 ingenium,
267 1881 340 1937 mira
361 1882 476 1939 comitas
500 1890 529 1938 et
552 1881 662 1938 diversa
683 1900 701 1939 a
720 1880 827 1938 Tiberii
851 1899 989 1948 sermone,

97 1985 179 2055 vultu,
195 1985 395 2063 adrogantibus
413 1994 442 2044 et
459 1987 595 2044 obscuris.
636 1985 821 2043 Adcedebant
838 1984 990 2042 muliebres

95 2091 280 2160 obfensiones,
293 2092 488 2150 novercalibus
499 2091 597 2149 Liviae
610 2092 640 2147 in
652 2091 839 2169 Angppinam
853 2091 972 2148 stimulis
982 2115 989 2160 3

96 2207 176 2274 atque
198 2197 260 2273 ipsa
273 2197 432 2274 Agrippina
451 2198 534 2274 paulo
555 2198 719 2267 conmotior,
738 2197 791 2254 nisi
810 2196 886 2274 quod
908 2197 989 2253 casti-

20 2316 21 2319 ’
95 2311 149 2359 tate
176 2309 205 2358 et
231 2302 325 2358 mariti
351 2321 446 2359 amore
469 2303 597 2379 quamvis
621 2302 788 2360 indomitum
811 2302 935 2359 animum
959 2302 989 2359 in

96 2407 198 2464 bonum
212 2407 348 2464 vertebat.

20 2504 21 2595 ξ
131 2511 273 2569 XXXIV.
316 2511 372 2570 Sed
386 2512 581 2582 Germanicus,
595 2521 700 2590 quanto
714 2531 838 2570 summae
853 2514 912 2591 spei
926 2532 990 2590 pro·

97 2620 162 2694 pior,
176 2626 256 2675 tanto
280 2619 422 2695 inpensius
436 2637 488 2695 pro
502 2619 617 2676 Tiberio
635 2618 696 2675 niti.
738 2617 882 2695 Sequanos
897 2619 990 2694 proxi-

97 2743 153 2782 mos
167 2732 196 2781 et
210 2723 364 2801 Belgarum
377 2725 503 2782 civitates
516 2725 546 2781 in
560 2725 647 2782 verba
660 2724 721 2800 ejus
735 2724 831 2800 adigit.
867 2721 990 2793 Dehinc,

20 2844 21 2893 ἒ
98 2830 187 2888 audit-o
206 2829 349 2906 legionum
366 2831 496 2899 tumultu,
510 2831 612 2908 raptim
632 2831 774 2908 profectus
795 2830 890 2886 obvias
911 2838 991 2886 extra

98 2948 185 2994 astra
197 2936 303 3007 habuit,
318 2935 432 3014 dejectis
453 2938 483 2993 in
500 2946 605 2995 terram
619 2936 707 2994 oeulis
720 2936 798 2993 relat
811 2936 991 3012 poenitentia.

100 3040 249 3120 Postquam
271 3042 377 3100 vallum
400 3043 463 3100 iniit
486 3043 591 3100 dissoni
610 3051 725 3119 questus
744 3041 834 3099 audiri
855 3060 990 3119 coepere:

99 3157 122 3205 et
145 3148 260 3226 quidam
283 3168 385 3226 prensa
404 3168 490 3205 manu
514 3149 577 3224 ejus
598 3167 649 3225 per
670 3148 791 3224 speciem
811 3147 990 3206 exosculandi

100 3250 270 3311 inseruerunt
294 3253 405 3330 digitos,
419 3262 451 3311 ut
471 3273 559 3311 vacua
581 3252 710 3310 dentibus
735 3272 784 3310 ora
806 3255 989 3330 contingeret,

100 3357 139 3416 alii
163 3367 280 3416 curvata
303 3360 380 3417 senio
406 3360 533 3416 membra
560 3358 753 3415 ostendebant.
797 3358 991 3415 Adsistentem

103 3464 262 3532 contionem,
276 3464 342 3541 quia
362 3464 500 3542 permixta
518 3463 674 3532 videbatur,
687 3463 823 3520 discedere
843 3464 875 3519 in
896 3462 991 3517 moni·

20 3652 21 3659 ¹
100 3567 172 3639 pulos
192 3569 294 3645 jubete
323 3573 363 3628 sic
384 3568 484 3628 melius
504 3569 650 3627 audituros
672 3585 835 3643 responsum
847 3588 860 3633 ‚-
892 3563 992 3621 vexillo
