2242 3992
407 356 583 401 Aculeone.
901 338 939 394 35

22 460 23 487 l
70 496 151 573 prioris
174 495 315 553 servitutis
336 513 371 552 ao
389 494 579 552 testimonium
599 493 786 571 praesentium
804 494 941 551 bonorum

22 648 23 681 p
69 602 247 680 composuisse.
289 600 346 658 Hie
359 600 471 657 interim
483 599 555 656 liber
573 598 674 656 honori
688 587 839 674 Agricolae
853 597 941 654 soceri

22 688 23 739 l
71 708 112 764 nei
135 707 295 774 destinatus,
322 705 496 783 professione
521 704 633 780 pietatis
657 712 705 760 aut
728 702 856 774 laudatus
879 703 940 770 erit,

69 821 264 870 autexcusatus.
572 866 585 889 ‚
953 820 968 862 t

99 917 145 976 1v.
186 917 299 976 Gnaeus
312 915 406 975 Julius
417 913 561 991 Agricola„
571 898 670 970 ¹vetere
686 921 714 970 et
727 913 838 972 inlustri
852 915 938 972 Foro-

68 1022 210 1097 jnliensium
228 1021 337 1080 colonia
356 1028 442 1088 ortus,
463 1027 613 1094 utrumque
633 1038 716 1076 avum
734 1028 942 1095 procuratorem

73 1126 208 1185 Caesarum
230 1126 336 1194 habuit,
357 1145 429 1202 quae
447 1124 584 1201 equestris
605 1123 735 1181 nobilitas
756 1133 807 1182 est.
858 1125 942 1183 Pater

22 1238 23 1241 ’
71 1232 146 1290 Julius
170 1233 326 1293 Graecinus
354 1231 485 1288 senatorii
509 1229 624 1298 ordinis,
651 1230 742 1293 studio
770 1231 943 1307 eloquentiae

71 1339 259 1415 sapientiaeque
275 1345 368 1404 notus,
381 1337 472 1413 iisque
489 1336 639 1392 virtutibus
652 1335 723 1392 iram
738 1335 800 1394 Caii
815 1336 942 1395 Caesaris

22 1424 24 1541 ἰ
70 1444 188 1501 meritust
209 1462 330 1519 namque
350 1441 394 1499 M.
410 1441 536 1500 Silanum
555 1440 690 1497 adcusare
704 1441 801 1517 jussus
821 1450 858 1510 et,
879 1443 944 1520 quia

22 1548 24 1635 ξ
71 1548 196 1617 abnuerat,
224 1547 388 1605 interfectus
412 1556 464 1604 est.
518 1545 615 1603 Mater
634 1545 712 1605 Julia
739 1547 859 1605 Procilla
881 1549 944 1617 fuit,

22 1638 24 1729 ἶ
74 1669 140 1710 rarae
153 1653 308 1711 eastitatist
330 1653 359 1708 in
373 1651 457 1727 hujus
472 1652 535 1708 sinu
555 1651 782 1728 indulgentiaque
803 1653 944 1722 educatus,

22 1736 23 1793 l
71 1775 230 1833 peromnem
244 1756 425 1813 honestarum
438 1755 540 1811 artium
553 1754 660 1812 cultum
678 1756 825 1832 pueritiam
839 1758 945 1815 adoles-

71 1863 230 1939 centiamque
248 1861 392 1937 transegit.
433 1860 558 1917 Areebat
577 1880 641 1916 eum
662 1860 697 1916 ab
718 1861 864 1929 inlecebris
881 1882 946 1939 pee-

22 2042 23 2047 ἵ
71 1967 187 2035 cantium,
214 1973 325 2043 praeter
348 1965 435 2041 ipsius
461 1964 574 2022 bonam
590 1967 782 2042 integramque
808 1974 945 2038 naturam,

23 2126 24 2135 ,
70 2071 134 2147 quod
158 2072 252 2129 statim
276 2068 409 2147 parvulus
432 2070 526 2127 sedem
550 2090 584 2127 ae
606 2071 768 2147 magistram
792 2072 946 2129 studiorum

70 2174 214 2235 Massiliam
234 2176 379 2244 habuerat,
400 2176 494 2232 locum
519 2175 630 2234 Graeca
650 2177 779 2234 comitate
794 2185 822 2234 ot
835 2179 947 2254 provin-

67 2279 120 2337 ciali
132 2281 301 2358 parsimonia
312 2280 431 2336 mixtum
443 2299 476 2336 ae
490 2280 565 2358 bene
576 2281 767 2357 compositum.
808 2282 949 2343 Memoria

67 2393 146 2456 teneo,
161 2387 274 2459 solitqm
288 2387 380 2463 ipsum
398 2404 521 2454 narrare,
540 2388 619 2443 sein
637 2389 737 2462 prima
749 2390 870 2465 juventa
890 2402 948 2448 stu-

65 2492 133 2549 dium
141 2494 329 2570 philosophiae
344 2494 448 2561 aerius,
468 2491 542 2550 ultro
563 2513 648 2569 quom
668 2514 822 2552 concessum
841 2496 947 2554 Roma·

23 2654 24 2683 3
66 2618 96 2655 oo
110 2618 140 2657 co
159 2600 290 2667 senatori,
308 2599 440 2667 laudate,
460 2601 493 2655 πί
509 2600 664 2674 promia
685 2601 784 2656 matris
802 2602 946 2658 incensum

23 2698 25 2705 ’
66 2720 93 2758 ac
106 2704 276 2780 flagrantem
298 2704 429 2760 animum
450 2705 615 2760 coercuisset.
656 2701 768 2760 Scilicet
789 2702 905 2760 sublime
919 2715 947 2761 et

23 2812 25 2827 '
66 2816 180 2865 ereetum
206 2808 351 2884 ingenium
377 2807 592 2883 pulcritudinem
615 2826 648 2863 ae
675 2807 795 2883 speciem
822 2809 947 2866 excelsae

23 2912 24 2917 '
64 2928 229 2989 magnaeque
255 2912 360 2988 gloriae
381 2911 572 2968 vehementius
586 2930 670 2987 quam
690 2921 770 2969 caute
793 2912 949 2989 adpetebat.

23 3018 24 3023 ’
66 3013 129 3073 Mox
142 3018 282 3093 mitigavit
296 3017 366 3075 ratio
387 3026 415 3073 et
433 3025 527 3074 aetas:
548 3016 725 3093 retinuitque,
740 3018 815 3094 quod
835 3028 878 3076 est
896 3020 949 3077 dif-

63 3116 218 3190 ficillimum,
233 3141 267 3178 ex
281 3122 416 3203 sapientia
427 3121 550 3177 modum.
587 3154 607 3197 g
1016 3194 1018 3197 Ι

101 3224 137 3281 V.
178 3225 274 3282 Prima
288 3233 443 3285 castrorum
461 3193 624 3282 rudimentd'
637 3227 666 3282 in
685 3226 831 3285 Britannia
852 3227 951 3286 Sueto·

63 3329 107 3385 nio
136 3330 263 3399 Paulino,
297 3330 423 3407 diligenti
450 3349 483 3386 ae
509 3329 653 3387 moderato
681 3331 752 3400 duci,
779 3332 950 3410 adprobavit,

64 3433 166 3493 electus
193 3456 276 3513 quem
304 3436 485 3492 contubernio
513 3437 679 3493 aestimaret.
733 3437 795 3495 Nec
818 3437 953 3515 Agricola

64 3537 187 3610 licenter,
208 3561 286 3615 more
307 3541 441 3617 juvenum
464 3541 512 3617 qui
528 3541 656 3597 militiam
680 3543 708 3598 in
732 3542 873 3599 lasciviam
892 3562 954 3597 ver·

572 3632 577 3640 s
596 3620 602 3639 Ι

585 3642 628 3677 κ·
647 3670 649 3677 ,
