2242 3992
433 379 617 422 ursmarus.
932 359 972 415 25

17 494 19 533 i
92 520 249 580 Germaniae
271 522 432 599 porrigitur.
478 519 597 597 Propior
620 523 677 598 (ut,
703 538 759 594 qno
781 518 865 576 modo
888 518 971 595 paulo

17 640 18 673 ἑ
89 635 145 683 ante
158 626 299 696 Rhenum,
317 627 357 683 sie
374 644 450 683 nuno
471 625 635 682 Danubium
649 620 765 701 sequar)
788 622 971 681 Hermundu-

17 722 18 727 ἵ
87 746 170 789 ronnn
190 733 298 800 civitas,
318 732 374 789 fida
398 731 542 798 Romanis,
563 750 652 807 eoque
673 730 740 787 solis
762 729 968 788 Germanorum

17 834 18 839 ’
86 852 133 891 uon
145 835 173 890 in
188 835 254 912 ,ripa
274 835 480 903 commercium,
499 834 549 891 sed
569 835 679 912 penitus
700 843 784 910 atque
801 835 829 890 in
849 834 970 912 splendi-

84 938 186 998 dissima
200 938 318 998 Raetiae
331 940 489 1018 provinciae
508 940 633 997 colonia:
653 940 757 1016 passim
778 949 805 997 et
826 941 886 997 sine
904 960 967 997 cus·

83 1043 139 1102 tode
158 1043 325 1114 transennt3
356 1054 392 1114 et,
417 1065 480 1102 cum
505 1047 605 1103 ceteris
628 1046 759 1122 gentibus
783 1065 861 1103 arma
883 1046 967 1103 modo

84 1159 220 1228 castraque
232 1159 331 1208 nostra
348 1150 535 1219 ostendamus,
553 1151 599 1209 his
620 1151 717 1208 domos
734 1150 869 1227 villasque
889 1160 967 1228 pate-

17 1270 18 1337 ἦ
82 1254 188 1314 fecimus
212 1276 271 1314 non
298 1257 565 1334 concupiscentibus.
626 1256 661 1314 In
685 1256 892 1313 Hermunduris
914 1256 967 1313 Al·

82 1360 117 1418 bis
128 1363 224 1432 oritur,
240 1362 345 1419 flumen
362 1362 490 1419 inclitum
508 1371 537 1419 et
553 1370 652 1420 notum
665 1362 750 1429 olim3
770 1382 844 1420 nunc
857 1371 966 1419 tautum

17 1470 18 1541 f
83 1466 190 1525 auditur.

17 1596 19 1627 z
116 1573 209 1631 XLII.
252 1573 339 1632 Juxta
353 1572 569 1630 Hermunduros
583 1570 703 1640 Narisoi,
721 1592 755 1630 ac
771 1572 871 1629 deinde
885 1572 966 1630 Mar-

83 1681 180 1736 comani
208 1663 239 1736 et
269 1679 361 1744 Quadi
387 1687 484 1756 agunt.
538 1677 692 1754 Praecipua
721 1678 967 1736 Marcomanorum

28 1778 31 1787 '
82 1781 162 1857 gioria
173 1783 315 1858 viresque,
329 1790 413 1858 atque
427 1783 489 1858 ipsa
501 1782 585 1838 etiam
599 1782 688 1850 sedes,
698 1783 785 1859 pulsis
799 1783 866 1839 olim
880 1783 966 1852 Boiis,

81 1887 173 1945 v'utute
196 1896 288 1964 parta.
328 1885 391 1946 Nec
409 1885 521 1943 Narisei
540 1886 668 1951 Quadive
691 1887 870 1964 degenerant.
911 1889 968 1945 Ea-

17 2000 18 2067 }
83 2010 131 2067 que
146 1993 318 2052 Germaniae
336 1993 413 2049 velut
429 1992 510 2049 frons
528 2000 579 2059 est,
598 2001 735 2068 quatenus
755 1992 888 2050 Danubio
903 2013 966 2070 per·

81 2098 174 2174 agion.
237 2098 429 2156 Marcomanis
460 2097 623 2174 Quadisque
652 2117 741 2175 usque
773 2098 810 2155 ad
841 2107 965 2156 nostram

17 2256 18 2277 ἶ
80 2206 235 2263 memoriam
263 2222 343 2281 reges
370 2215 532 2261 manserrmt
559 2224 594 2261 ex
615 2213 699 2281 gente
720 2206 854 2283 ipsorum,
872 2206 965 2264 nobile

17 2360 18 2363 ,
79 2310 243 2371 Marobodui
263 2320 292 2368 et
312 2312 401 2369 Tudri
420 2331 528 2388 genns;
545 2313 606 2389 jam
623 2321 652 2369 et
672 2321 801 2369 externos
814 2313 965 2390 patiuntur.

80 2416 129 2475 Sed
153 2420 198 2477 vis
223 2427 253 2475 et
275 2419 399 2494 potentia
425 2417 538 2493 regibus
565 2437 599 2474 ex
623 2419 788 2476 auctoritate
816 2418 963 2476 Romana:

79 2541 134 2582 raro
148 2524 235 2582 armis
249 2523 361 2590 nostris,
376 2523 484 2599 saepius
498 2523 616 2599 pecunia
626 2523 769 2598 juvantur.

111 2629 224 2689 XLIII.
267 2628 329 2686 Nec
349 2606 440 2685 minus
459 2627 553 2685 valent
573 2627 819 2704 retro‚Marsigni,
838 2628 963 2696 Gothini,

78 2733 132 2803 Osi,
154 2736 250 2793 Buri:
274 2743 354 2810 terga
377 2732 624 2790 Marcomanorum
651 2732 869 2809 Quadorumque
889 2733 964 2789 clau·

79 2837 165 2898 dunt:
198 2860 214 2897 e
238 2840 339 2917 quibus
363 2838 503 2914 Marsigni
530 2846 559 2894 et
583 2837 653 2894 Buri
677 2855 804 2893 sermono
831 2836 963 2913 cultuque

17 3002 18 3027 ,
78 2941 177 3002 Suevos
203 2945 337 3002 referunt.
392 2943 532 3000 Gothinos
558 2921 677 3008 Gallica,
703 2940 777 2998 Osos
802 2940 964 3000 Pannonica

17 3064 19 3133 3
77 3044 173 3125 lingua,
194 3049 321 3124 coarguit
333 3067 390 3106 non
404 3030 465 3105 esse
479 3047 646 3115 Germanos,
661 3054 690 3103 et
705 3046 780 3122 quod
793 3047 898 3105 tributa
915 3067 964 3125 pa-

17 3152 19 3193 ὲ
75 3151 196 3211 bunun:
215 3163 323 3231 partem
343 3154 510 3210 tributorum
526 3152 676 3220 Sarmatae,
689 3161 797 3228 partem
811 3152 912 3221 Quadi,
933 3163 965 3209 ut

17 3244 19 3325 ἶ
75 3256 232 3336 alienigenis
245 3261 391 3336 inponunt.
416 3258 552 3326 Gothini,
567 3277 622 3334 quo
636 3258 726 3334 magis
739 3257 850 3334 pudeat,
864 3266 893 3315 et
905 3258 963 3314 fer-

75 3378 131 3419 mm
150 3363 302 3421 effodiunt:
323 3382 474 3440 omnesque
488 3362 518 3419 hi
535 3362 631 3439 populi
650 3382 738 3439 pauca
756 3361 961 3439 campestrium,

73 3460 193 3526 ceterum
206 3469 291 3526 saltus
305 3477 334 3526 et
346 3469 464 3526 vertices
481 3469 618 3524 montium
643 3467 829 3544 [jugumque]
853 3464 963 3527 insede·

76 3582 144 3630 runt.
203 3573 319 3632 Dirimit
348 3575 421 3632 enim
454 3575 610 3650 scinditque
639 3573 768 3632 Suevium
800 3569 961 3626 continuum

822 3688 844 3727 n
