2242 3992
141 330 181 386 96
518 315 666 386 rscrrus.

140 482 234 540 lium:
256 491 343 540 cetero
361 482 419 558 s'pn
439 496 658 560 exsequerentur.
700 484 873 542 Discurrunt
885 483 995 552 mutati,
1012 491 1043 541 et

141 586 383 644 seditiosissimum
396 607 535 665 quemque
553 590 662 647 vinctos
682 589 799 646 trahunt
812 588 848 648 ad
860 589 984 666 legatum
997 587 1042 645 le·

140 693 232 770 gionis
246 693 360 769 primae,
376 693 410 751 C.
425 693 599 764 Cetronium‚
613 695 662 772 qui
678 695 817 772 judicium
834 702 863 752 et
880 713 984 771 poenas
1005 693 1043 750 de

54 848 55 857 ,
141 797 259 873 singulis
273 798 302 854 in
315 797 391 855 huno
404 798 518 856 modum
531 802 665 881 exercuit
708 800 826 860 Stabant
838 819 889 877 pro
908 800 1043 857 contione

141 906 265 984 legiones
277 907 415 965 destrictis
428 908 548 985 gladiis:
568 928 634 967 reus
647 910 676 966 in
691 911 825 987 subgestu
834 929 885 987 per
894 911 1043 967 tribunum

141 1016 356 1075 ostendebatur:
377 1019 401 1074 si
414 1028 552 1076 nocentem
563 1017 795 1088 adclamaverunt,
810 1038 942 1096 praeceps
957 1018 1042 1077 datus

140 1123 350 1181 trucidabatur:
374 1131 403 1181 et
423 1124 564 1201 gaudebat
585 1125 716 1183 caedibus
733 1126 823 1194 mileS,
837 1134 981 1203 tamquam
995 1146 1043 1183 se·

141 1235 199 1284 met
213 1226 388 1295 absolveret:
408 1247 460 1285 nec
476 1228 581 1286 Caesar
594 1230 715 1298 arcebat,
727 1229 838 1307 quaudo
852 1230 931 1288 nullo
949 1231 1040 1308 ipsius

137 1333 221 1408 jussu
234 1351 319 1409 penes
333 1333 446 1390 eosdem
460 1334 576 1391 saevitia
585 1335 654 1391 facti
667 1342 696 1391 et
709 1335 814 1393 invidia
828 1344 896 1393 erat.
939 1334 1040 1394 Secuti

141 1440 299 1518 exemplum
312 1442 438 1499 veterani
450 1440 527 1499 haud
539 1442 629 1499 multo
642 1450 707 1519 post
724 1443 753 1498 in
773 1442 903 1500 Raetiam
921 1442 1041 1498 mittun·

142 1554 198 1614 tur,
207 1547 298 1623 specie
306 1546 497 1604 defendendae
511 1546 671 1624 provinciae
686 1549 721 1604 ob
736 1548 902 1604 inminentes
914 1545 1042 1614 Suevos:

142 1659 266 1709 ceterum
279 1660 311 1708 ut
324 1652 512 1710 avellerentur
526 1652 624 1709 castris
634 1653 760 1709 trucibus
770 1651 861 1709 adbuc
874 1670 931 1708 non
944 1651 1041 1707 minus

141 1755 290 1832 asperitate
303 1756 419 1813 remedii
433 1776 518 1833 quarn
535 1755 648 1813 sceleris
668 1756 812 1812 memoria.
854 1755 1041 1814 Centuriona·

140 1869 201 1918 turn
224 1850 288 1919 inde
310 1862 386 1938 egit:
408 1861 508 1918 citatus
528 1860 564 1917 ab
585 1860 761 1936 imperatore,
775 1879 886 1928 nomen,
901 1858 1039 1927 ordinem,

140 1968 267 2044 patriam,
281 1985 429 2023 numerum
443 1965 652 2043 stipendiorum,
667 1984 739 2041 quae
753 1972 866 2022 strenue
882 1965 911 2020 in
925 1963 1040 2041 proeliis

141 2071 263 2141 fecisset,
279 2080 307 2129 et
318 2073 362 2129 cni
373 2080 452 2129 erant
466 2071 540 2128 dona
560 2070 699 2139 militaria,
713 2070 830 2128 edebat:
844 2070 868 2127 si
880 2069 995 2137 tribuni,
1016 2069 1041 2126 si

141 2178 215 2254 legio
229 2178 394 2235 industriam
407 2179 650 2254 innocentiamque
660 2176 889 2254 adprobaverant,
900 2175 1041 2233 retinebat

143 2285 272 2342 ordines:
292 2287 341 2343 nbi
353 2286 498 2350 avaritiam
518 2295 567 2343 aut
587 2285 778 2342 crudelitatem
793 2304 931 2342 consensu
944 2285 1041 2360 objec-

143 2390 288 2459 tavissent‚
303 2391 463 2448 solvebatur
475 2392 584 2448 militia.

185 2494 277 2553 XLV.
320 2496 366 2554 Sic
380 2497 530 2574 conpositis
544 2497 746 2574 praesentibus
756 2495 832 2553 haud
844 2496 937 2552 minor
949 2493 1040 2551 moles

145 2610 289 2681 supererat
311 2604 346 2659 ob
368 2602 503 2660 ferociam
521 2602 636 2678 quintae
653 2608 681 2658 et
699 2600 932 2657 unaetvicesimae
952 2599 1042 2675 legio·

143 2731 221 2778 num,
246 2711 449 2788 sexagesimmn
473 2708 547 2786 apud
570 2708 691 2785 lapidem
714 2708 792 2786 (loco
819 2707 915 2765 Vetera
937 2725 1043 2762 nomen

144 2814 202 2889 est)
218 2816 434 2875 hibernentium.
468 2815 544 2873 Nam
553 2816 637 2892 primi
651 2815 816 2873 seditionem
827 2821 1044 2892 coeptaverant;

144 2922 348 2979 atrocissimum
362 2921 492 2999 quodque
505 2920 614 2977 facinus
627 2918 730 2976 horum
741 2919 870 2975 manibus
884 2926 1040 2995 patratum:

144 3044 196 3082 nec
214 3044 304 3103 poena
322 3024 534 3083 conmilitonum
554 3022 689 3090 exterriti,
711 3041 764 3078 nec
781 3021 952 3098 poenitentia
973 3039 1041 3077 con·

144 3130 227 3198 versi,
251 3131 307 3186 iras
334 3130 500 3187 retinebant.
551 3127 644 3203 Igitur
666 3127 772 3185 Caesar
798 3145 884 3194 arma
912 3124 1040 3193 classem,

144 3233 234 3290 socios
257 3232 402 3291 demittere
417 3231 519 3289 Rheno
540 3239 629 3309 parat,
651 3230 674 3287 si
693 3231 841 3307 imperium
861 3229 1040 3298 detrectatur,

143 3338 218 3396 bello
233 3346 398 3396 certaturus.

184 3442 293 3500 XLVI.
334 3443 376 3500 At
391 3442 507 3510 Romae,
521 3441 646 3498 nondum
660 3441 781 3516 cognito,
795 3441 844 3517 qui
861 3441 962 3498 fuisset
982 3442 1041 3498 exi·

143 3558 189 3606 tus
203 3550 232 3605 in
246 3549 370 3628 Illyrico,
385 3556 413 3605 et
430 3548 572 3624 legionum
587 3547 818 3605 Germanicarum
835 3556 914 3604 motu
937 3547 1043 3617 andito,
