2242 3992
138 330 157 386 8
511 346 658 388 racrrus.

136 482 166 538 in
180 481 293 539 modum
303 483 429 542 liburnae
443 484 593 562 figuratum
603 484 683 542 docet
696 483 794 541 advent
782 491 840 540 tam
853 482 1032 558 religionem.
1047 439 1069 555 i
1109 468 1110 473 ξ

10 599 52 701 PL
84 586 272 661 &Ceterum
291 608 343 647 nec
364 590 493 649 cohibere
513 585 664 668 parietibus
686 588 752 645 deos
777 606 867 664 neque
891 588 921 643 in
938 586 1032 643 ullam

137 690 251 748 humani
272 693 327 750 oris
345 693 464 771 speciem
480 694 646 763 adsimilare,
660 712 695 750 ex
712 691 903 770 magnitudine
924 689 1033 748 caeles-

137 796 208 854 tium
231 798 411 856 arbitrantur.
465 798 559 857 Lucos
578 818 610 856 ac
628 817 743 856 nemora
761 804 941 862 consecraut;
962 794 1032 850 deo·
1109 846 1110 851 ,

138 920 256 978 rumque
275 904 433 962 nominibus
453 904 595 981 adpellant
616 902 854 970 secretum-illud,
871 900 947 978 qnod
967 900 1032 958 sola

138 1005 294 1062 reverentia
306 1005 411 1067 vident.

164 1103 216 1162 .X.
257 1105 393 1183 Auspicia
421 1115 565 1183 sortesque
588 1115 621 1163 ut
649 1106 698 1183 qui
723 1106 842 1163 maxime
869 1105 1030 1162 observant.

140 1208 271 1266 Sortium'
287 1211 458 1290 consuetudo
482 1210 607 1288 simplex.
666 1209 784 1287 Virgam
807 1211 959 1287 frugiferae
968 1201 1029 1267 ”ar-

137 1315 199 1372 bori
213 1315 334 1373 decisam
348 1316 377 1372 in
391 1316 516 1374 surculos
531 1324 684 1393 amputant,
699 1335 811 1393 eosque,
826 1317 898 1373 notis
912 1316 1030 1392 quibus-

138 1418 203 1476 dam
217 1418 360 1488 discretos,
374 1439 457 1496 super
471 1420 616 1477 candidam
629 1428 736 1477 vestem
745 1429 850 1497 temere
864 1439 895 1477 ac
907 1418 1027 1477 fortuito

127 1532 282 1604 ¹spergrmt.
323 1524 403 1594 Mox,
418 1526 442 1582 si
455 1526 565 1603 publice
576 1526 745 1595 consulatur,
756 1526 885 1583 sacerdos
899 1525 1030 1593 civitatis,

139 1630 182 1687 sin
206 1629 344 1707 privatim,
359 1631 417 1708 ipse
440 1631 649 1709 paterfamiliae,
671 1640 800 1708 precatus
822 1631 888 1688 deos
907 1629 1027 1688 caelum·

140 1752 194 1810 que
219 1734 379 1811 suspiciens,
404 1744 448 1792 ter
468 1735 593 1812 singulos
620 1736 703 1806 tollit,
726 1735 849 1793 sublatos
874 1735 1027 1792 secundum

80 1874 85 1889 .
138 1841 293 1915 inpressam
313 1848 377 1898 ante
397 1850 492 1898 notam
510 1841 716 1918 interpretatur.
769 1840 799 1899 Si
797 1841 1027 1948 prohibuerrmt,

139 1945 217 2002 nulla
230 1945 264 2002 de
278 1947 376 2004 eadem
388 1965 419 2003 re
433 1947 462 2003 in
475 1945 596 2007 eundem
610 1946 683 2003 diem
697 1924 881 2013 consultatio,
898 1944 943 2002 sin
965 1965 1028 2022 per·

27 2118 29 2123 ,
139 2052 263 2120 missum,
278 2052 464 2128 auspiciorum
477 2052 568 2109 adhuc
581 2052 651 2109 fides
664 2052 793 2128 exigitur.
834 2051 873 2114 Et
885 2050 956 2106 illud
965 2051 1028 2126 qui·
1109 2088 1110 2091 η

140 2156 204 2213 dem
217 2158 301 2214 etiam
314 2157 361 2214 hic
380 2165 486 2226 notum,
508 2159 602 2215 avium
621 2177 705 2231 voces
726 2157 892 2234 volatusque
909 2157 1028 2213 interro·

140 2280 242 2336 gare:¹
285 2262 393 2318 orium
414 2263 515 2338 gentis,
539 2282 674 2340 equorum
695 2282 806 2340 quoque
830 2262 973 2339 praesagia
996 2279 1029 2317 ac
1109 2296 1110 2299 =

140 2367 261 2424 monitus
276 2385 327 2442 exp
444 2367 559 2425 Publice
572 2367 685 2437 aluntur
698 2368 797 2425 iisdem
816 2362 975 2424 nemoribus
996 2385 1029 2422 ac
1109 2428 1110 2447 χ

140 2471 210 2549 lucis
224 2470 333 2528 candidi
347 2481 376 2528 et
390 2471 468 2528 nullo
486 2473 597 2530 mortali
610 2492 693 2550 opere
707 2473 846 2530 contacti:
867 2493 936 2551 quos
951 2491 1028 2549 pres·
1109 2450 1110 2479 ³

141 2595 187 2632 sos
212 2595 289 2634 sacro
314 2595 397 2633 curru
420 2576 548 2634 sacerdos
567 2596 600 2634 ac
621 2596 671 2635 rex
691 2578 737 2634 vel
758 2574 887 2655 princeps
911 2577 1030 2634 civitatis

130 2683 315 2752 comitantur,
326 2681 505 2760 hinnitusque
518 2702 551 2744 ac
564 2683 693 2741 fremitus
706 2685 863 2741 observant.
904 2681 963 2739 Nec
976 2681 1031 2738 ulli
1109 2710 1110 2745 ι

140 2788 262 2864 auspicio
282 2789 373 2863 major
386 2787 463 2856 fides,
485 2807 543 2844 non
559 2789 650 2845 solum
663 2788 737 2865 apud
749 2788 868 2865 plebem,
889 2785 938 2843 sed
952 2785 1030 2860 apud
1109 2762 1110 2769 ξ

139 2912 277 2968 proceres,
302 2892 375 2969 apud
395 2892 521 2950 sacerdot
510 2900 582 2950 tzes
603 2912 633 2950 se
652 2893 727 2949 enim
744 2894 885 2950 ministros
904 2891 1034 2959 deornm,

140 2999 203 3055 illos
217 2999 342 3055 conscios
345 3005 462 3099 putant.
503 2997 556 3054 Est
567 3005 596 3055 et
606 2996 660 3054 alia
670 2995 832 3054 observatio
834 2995 1033 3072 auspiciorum,

141 3123 196 3181 qua
209 3064 392 3193 ξιιιίιιιιι
349 3086 486 3159 bellorum
506 3110 622 3159 eventus
643 3102 797 3186 explorant.
846 3101 917 3176 Ejus
937 3100 1032 3175 gentis

141 3228 204 3265 cnm
218 3227 274 3285 qua
282 3207 388 3264 bellum
396 3215 439 3264 est
440 3214 521 3283 ,capt
522 3205 606 3274 irum,
618 3226 729 3283 quoquo
739 3198 843 3263 modo
835 3213 1033 3321 mterceptum,

141 3334 205 3373 cum
225 3313 313 3370 electo
333 3310 507 3403 popularium
525 3331 647 3380 suorum,
661 3312 757 3389 patriis
777 3327 1035 3389 quemquearmrs,

142 3414 327 3478 committunt.
368 3416 493 3477 Victoria
515 3417 600 3493 hujus
625 3417 672 3474 vel
691 3417 765 3474 illius
785 3435 836 3494 pro
860 3413 1036 3491 praejudicio
1075 3488 1083 3495 Ι

143 3525 285 3602 accipitur.
1006 3495 1075 3585 Ᾰ
