2242 3992
345 329 522 370 annuarum
544 328 642 368 arsen
664 328 686 369 1.
927 311 965 372 79

78 473 220 540 praetorem
233 466 379 535 translata,
394 467 439 523 cui
460 467 534 524 inter
552 467 629 525 cives
648 475 677 523 et
695 468 858 544 peregrinos
877 467 965 543 juris·

81 570 151 629 dictio
164 574 313 631 evenisset.

111 675 185 736 XVI.
226 679 286 736 Hic
299 697 393 736 rerum
405 680 578 736 urbanarum
591 689 681 737 status
695 687 764 749 erat,
779 698 843 737 cum
852 681 965 739 Panno-

81 783 143 840 nicas
165 784 290 861 legiones
311 785 411 842 seditio
434 786 558 854 incessit,
579 785 665 842 nullis
686 786 768 842 novis
789 785 889 854 causis,
910 786 965 842 nisi

82 888 143 963 quod
160 898 284 946 mutatus
304 890 434 967 princeps
455 891 598 948 licentiam
617 892 765 948 turbarum
786 899 815 947 et
836 910 871 947 ex
890 892 965 948 civili

81 993 140 1050 bello
160 1015 237 1071 spem
264 995 454 1072 praemiorum
481 995 658 1053 ostendebat.
712 995 821 1054 Castris
850 996 963 1053 aestivis

80 1106 125 1155 tres
143 1099 225 1156 simul
242 1100 369 1176 legiones
383 1099 568 1169 habebantur,
588 1099 765 1177 praesidente
779 1099 867 1158 Junio
881 1098 965 1157 Blae·

80 1223 121 1271 so;
132 1206 177 1281 qni
190 1205 247 1262 fine
263 1206 387 1282 Augusti
401 1215 430 1263 et
443 1206 530 1262 initiis
541 1206 649 1263 Tiberii
662 1205 764 1262 auditis
775 1206 811 1262 ob
823 1204 964 1280 justitium

82 1309 137 1383 [aut
149 1311 299 1388 gandium]
318 1313 506 1368 intermiserat
526 1311 610 1368 solita
621 1312 727 1369 munia
769 1311 814 1368 Eo
827 1313 964 1389 principio

78 1415 191 1475 lascivire
210 1419 300 1487 miles,
315 1417 484 1485 discordare,
498 1417 612 1494 pessimi
631 1418 767 1494 cujusque
788 1417 963 1474 sermonibus

77 1525 196 1598 praebere
210 1543 302 1592 aures,
317 1524 437 1601 denique
450 1524 548 1580 luxum
563 1531 590 1580 et
609 1524 698 1580 otium
717 1542 827 1600 cupere,
842 1524 964 1601 discipli·

76 1644 131 1683 nam
143 1636 169 1684 et
182 1628 309 1685 laborem
323 1629 494 1706 adspernari.
535 1628 607 1686 Erat
625 1630 654 1685 in
676 1629 775 1686 castris
790 1628 963 1687 Percennius

79 1732 186 1807 quidam,
202 1733 259 1791 dux
273 1734 340 1790 olim
358 1733 539 1790 theatralium
558 1753 716 1810 operarum,
731 1733 796 1790 dein
816 1736 963 1810 gregarius

77 1838 153 1909 miles,
166 1860 270 1918 procax
282 1840 381 1916 lingua
398 1849 427 1897 et
446 1840 565 1897 miscere
584 1847 680 1897 coetus
698 1838 856 1897 histrionali
870 1840 963 1897 studio

78 1945 170 2005 doctus.
211 1948 241 2005 Is
265 1948 400 2024 inperitos
421 1948 539 2015 animos,
560 1956 589 2005 et
610 1967 748 2024 quaenam
768 1956 831 2025 post
846 1949 962 2024 Augus·

76 2059 127 2109 tum
137 2054 252 2111 militiae
266 2053 388 2111 conditio
402 2053 585 2130 ambigentes,
597 2052 732 2130 inpellere
746 2053 881 2129 paulatim
894 2073 962 2110 noc·

77 2158 154 2215 turnis
174 2158 330 2234 conloquiis
349 2166 398 2215 aut
421 2157 494 2214 flexo
515 2158 544 2213 in
563 2176 711 2235 vesperam
730 2158 783 2227 die,
798 2167 827 2215 et
847 2158 962 2237 dilapsis

78 2263 223 2322 melioribus
239 2264 420 2322 deterrimum
433 2284 573 2341 quemque
587 2274 769 2341 congregare.
803 2264 961 2334 Postremo,

79 2369 197 2445 promptis
208 2369 270 2445 jam
283 2377 312 2425 et
325 2367 386 2425 aliis
401 2369 544 2426 seditionis
565 2371 709 2440 ministris,
723 2371 800 2428 velut
819 2373 962 2429 contiona-

81 2468 175 2530 bundus
187 2473 401 2549 interrogabat:
474 2532 476 2535 ,

110 2575 200 2635 XVII.
252 2578 314 2637 Cur
334 2580 439 2653 paucae
464 2578 677 2647 centurionibus,
700 2580 884 2654 paucioribus
910 2582 963 2636 tri-

78 2678 153 2752 luuia,
177 2685 209 2741 iu
232 2684 347 2741 modum
366 2692 509 2740 surorum
529 2681 691 2740 obedirent?
712 2683 823 2758 queam
844 2701 962 2740 ausuros

78 2803 198 2858 tenueere
211 2790 344 2856 remedio,
359 2790 418 2845 uisi
432 2807 534 2845 uorum
552 2799 578 2845 et
595 2798 740 2845 nutantem
753 2788 843 2845 adhuc
849 2788 963 2863 priuci-

74 2909 130 2963 ΡΜ
137 2896 264 2970 precibus
277 2894 320 2951 vel
329 2896 419 2951 ermis
432 2892 570 2951 adirent?
590 2894 722 2968 tntisper
734 2902 771 2950 tot
782 2913 872 2950 cruos
881 2895 962 2970 apuu·

21 3038 22 3051 ,
78 2994 118 3050 vio
132 3007 284 3070 peccatum,
308 2996 382 3072 quod
407 2997 514 3052 triceno
540 3004 591 3051 aut
613 2995 795 3071 quadripartia
821 2996 962 3070 atiueudiu

21 3060 23 3115 l

21 3118 23 3169 l

78 3115 149 3168 uuae,
162 3112 187 3159 et
195 3103 324 3179 plerique
337 3111 462 3158 trunceto
476 3121 509 3158 ea
522 3099 683 3158 vulueribua
696 3120 814 3176 empore,
828 3101 960 3161 tolerent:

78 3221 107 3259 ee
117 3205 234 3265 diruistis
246 3208 358 3284 quidem
363 3209 456 3284 finem
469 3226 526 3264 ease
538 3206 667 3277 militiae,
680 3208 730 3265 aed
741 3209 821 3283 apud
831 3208 963 3266 eccillum

77 3317 176 3368 reuruoe
188 3312 243 3369 ulio
256 3311 383 3370 uocabulo
402 3312 507 3368 eoadem
519 3310 622 3369 hherea
630 3313 769 3388 perferre.
809 3313 852 3370 Ac
865 3314 963 3388 siquis

76 3419 106 3467 tvl
116 3433 189 3474 curua
205 3420 264 3476 ritu
277 3418 459 3497 superauerit,
473 3417 549 3473 trahi
562 3417 653 3474 adhuc
671 3418 794 3475 diuersus
813 3419 846 3474 iu
865 3427 962 3485 terrae,

78 3516 118 3574 uhi
132 3540 184 3595 per
201 3543 303 3582 romeu
326 3541 461 3599 aprorum
486 3520 607 3598 ulipiriea
624 3521 768 3598 paludum
788 3520 832 3577 uel
856 3520 962 3578 incultu
