2242 3992
327 325 506 368 suusnrmu
528 325 627 366 amsa
648 327 670 366 1.
909 306 949 365 83

62 474 114 523 tum
135 466 314 543 gladiatores,
337 466 386 543 qui
410 485 426 523 e
450 464 565 523 servitio
588 464 683 522 Blaesi
707 471 796 533 erant,
816 482 882 541 pars
905 482 952 521 ce·

62 580 139 628 teram
163 571 292 648 ejusdem
320 572 458 630 familiam
486 571 634 640 vincirent,
667 570 716 628 alii
748 569 785 628 ad
814 588 952 647 quaeren-

61 676 118 733 dum
136 697 234 755 corpus
248 677 480 736 ellimderenter:
500 697 533 734 ac
549 678 581 734 ni
598 695 717 753 propere
736 695 829 753 neque
849 695 951 753 corpus

60 781 138 838 ullum
161 784 289 860 reperiri,
312 793 341 840 et
365 802 462 841 servos
486 782 618 840 adhibitis
640 782 807 839 cruciatibus
827 782 951 839 abnuere

61 887 168 957 medem,
190 908 285 966 neque
302 889 344 946 illi
363 889 452 947 fuisse
472 907 597 965 unquam
614 888 732 945 fratrem
752 888 950 965 pernotuisset,

62 991 126 1049 haud
137 995 258 1052 multum
272 997 308 1053 ab
322 996 407 1053 exitio
425 996 512 1072 legati
532 995 659 1052 aberant.
701 994 841 1051 Tribunos
855 1001 951 1051 tamen

63 1115 88 1154 ao
99 1099 270 1174 praefectum
284 1108 441 1158 castrorum
455 1108 619 1157 extrusere:
641 1099 766 1156 sarcinae
782 1097 951 1175 fugientium

31 1202 36 1212 '
63 1199 189 1279 direptae:
212 1214 242 1263 et
257 1206 385 1263 centurio
399 1204 525 1262 Lucilius
539 1203 714 1270 interficitur,
725 1204 771 1260 cui
783 1203 951 1261 militaribus

64 1305 157 1365 lucetiis
169 1311 338 1369 vocabulam
356 1309 430 1370 Cedo
443 1310 561 1368 &mam
579 1307 754 1377 indiderant3
774 1309 847 1385 quia,
860 1308 953 1367 fracta

65 1411 112 1468 vite
122 1413 150 1470 in
161 1423 245 1493 tergo
258 1417 364 1486 militis,
379 1415 496 1473 alteram
516 1414 594 1473 clara
612 1432 681 1469 voce
701 1433 734 1471 ac
754 1432 851 1471 rursus
868 1414 952 1471 aliam

68 1521 191 1591 poscebat.
223 1522 342 1581 Ceteros
356 1522 479 1579 latebrae
497 1529 602 1587 texere,
615 1538 673 1575 uno
683 1526 793 1577 retento
805 1519 953 1579 Clemente

70 1620 140 1692 lulio,
152 1628 200 1703 qui
222 1628 399 1705 perferendis
419 1625 540 1683 militum
559 1623 698 1681 mandatis
718 1623 874 1682 habebatur
892 1625 953 1685 ido·

69 1744 125 1786 neus
147 1733 181 1789 ob
205 1742 367 1811 promptum
391 1732 543 1809 ingenium.
585 1730 662 1794 Quin
675 1730 752 1806 ipsae
766 1730 840 1787 inter
860 1750 890 1788 sa
911 1733 953 1790 le·

72 1829 152 1903 giones
174 1844 276 1895 octava
295 1844 324 1893 et
344 1838 443 1913 quinta
462 1834 580 1892 decuma
598 1834 706 1891 ferrum
731 1836 865 1911 parabant
886 1836 953 1896 dum

72 1939 247 1998 centurionem
271 1948 457 2018 cognomento
478 1938 617 2015 Sirpicum
641 1937 690 1996 illa
710 1940 795 1996 morti
819 1938 953 2017 deposcit,

73 2041 300 2115 quintadecumani
317 2055 440 2113 tuentur,
454 2046 485 2102 ni
499 2045 581 2102 miles
597 2063 726 2102 nonanus
739 2063 836 2122 preces
857 2055 885 2104 et
905 2050 955 2107 ad-

73 2161 168 2206 versum
181 2152 357 2231 aspernantis
369 2152 460 2208 minas
474 2150 669 2226 interjecisset.

104 2249 207 2315 XXIV.
250 2256 332 2314 Haec
343 2254 440 2313 audita
452 2274 623 2331 quamquam
636 2255 796 2312 abstrusum
810 2264 838 2314 et
853 2257 957 2315 tristis·

72 2353 274 2438 unaquaeque
293 2361 413 2418 maxime
434 2360 620 2417 occultantem
645 2360 790 2418 Tiberium
809 2364 957 2441 perpulere

73 2465 98 2514 ut
111 2459 234 2522 Drusum
256 2465 345 2522 filium
369 2485 433 2522 cum
455 2465 624 2542 primoribus
648 2467 768 2524 civitatis
792 2467 956 2547 duabusque

72 2546 201 2637 praetoriis
217 2571 378 2628 cohortibus
391 2571 525 2639 mitteret,
535 2570 621 2627 nullis
635 2572 702 2628 satis
713 2573 796 2629 certis
806 2572 955 2642 mandatis,

73 2684 101 2724 ex
121 2691 149 2730 re
171 2677 375 2735 consulturum.
417 2675 456 2733 Et
477 2675 607 2733 cohortes
628 2676 737 2734 delecto
757 2677 846 2735 milite
871 2697 956 2755 supra

74 2773 172 2836 clitum
181 2783 318 2838 firmatae.
352 2778 476 2838 Additur
489 2799 592 2857 magna
601 2800 665 2857 pars
675 2782 844 2858 praetoriani
855 2783 956 2858 equitis

74 2886 97 2934 et
116 2885 213 2945 robora
237 2887 453 2954 Germanorum,
481 2886 529 2962 qui
553 2895 615 2942 tum
639 2886 769 2944 custodes
795 2887 958 2963 imperatori

75 2979 193 3048 aderantz
214 2988 297 3046 simul
311 2987 444 3065 praetorii
456 2988 615 3065 praefectus
628 2989 728 3046 Aelius
748 2989 876 3066 Sejanus,
892 3011 959 3050 con·

75 3080 128 3161 lega
150 3091 280 3150 Straboni
302 3093 375 3169 patri
399 3111 449 3149 suo
472 3091 563 3161 datus,
590 3112 694 3169 magna
716 3096 791 3172 apud
813 3098 959 3156 Tiberium

77 3198 234 3267 auctoritate,
258 3206 351 3256 rector
371 3197 478 3273 juveni,
499 3208 528 3255 et
549 3199 650 3255 ceteris
670 3200 857 3276 periculorum
877 3223 960 3282 prae·

76 3294 235 3380 filiorumque
259 3311 423 3360 ostentator.
475 3301 573 3360 Druso
593 3305 790 3382 propinquanti
810 3309 890 3385 quasi
909 3328 961 3386 per

79 3399 184 3465 officium
205 3409 305 3467 obviae
327 3409 407 3466 fuere
428 3408 563 3485 legiones,
587 3430 644 3467 non
668 3411 766 3479 laetae,
790 3421 822 3470 ut
843 3412 959 3483 adsolet,

79 3521 157 3595 neque
181 3515 338 3593 insignibus
374 3514 525 3591 fulgentes
559 3515 610 3572 sed
646 3516 751 3575 inluvie
780 3517 900 3574 deformi
933 3526 962 3575 et
