2242 3992
151 369 190 429 14
521 388 667 432 rncmus.

150 546 259 597 necare,
274 527 411 604 flagitium
424 528 563 587 habetur:
583 528 702 607 plusque
712 528 751 586 ibi
760 527 828 585 boni
837 545 929 584 mores
940 525 1049 593 valent,

153 653 237 712 quem
250 633 319 691 alibi
331 633 421 691 bonne
434 633 521 710 leges.

194 737 261 795 XX.
301 738 335 795 Ιιι
349 739 425 795 omni
439 739 521 796 domo
534 738 603 795 nudi
616 757 649 796 ac
663 736 776 807 sordidi,
797 738 827 794 in
842 737 895 793 hos
913 744 1001 804 artus,
1015 737 1046 792 in

153 843 222 901 hoec
236 862 361 920 corpora
375 863 446 921 quae
459 844 602 913 miramur,
621 850 794 901 excrescunt.
836 841 893 900 Sua
905 861 1048 919 quemque

154 954 245 1006 mater
257 948 389 1005 uberibus
403 947 460 1016 alit,
474 966 527 1005 nec
540 948 649 1005 ancillis
662 968 696 1005 ac
708 947 864 1005 nutricibus
878 947 1051 1023 deligantur:
1070 921 1083 941 f

157 1052 312 1110 Dominum
324 1072 358 1110 ac
371 1071 483 1110 servum
495 1052 580 1110 nullis
591 1051 878 1111 educationisdeliciis
889 1051 1049 1128 dignoscas.

155 1156 234 1215 Inter
247 1157 344 1215 endem
356 1177 466 1235 pecora,
480 1158 509 1215 in
529 1157 627 1215 eadem
640 1157 726 1215 humo
740 1157 853 1234 degunt,
868 1156 957 1213 donec
970 1164 1060 1214 aetas‘

155 1271 265 1340 separet
274 1264 419 1340 ingenuos,
429 1264 518 1322 virtus
529 1270 670 1340 agnoscat.
707 1262 776 1321 Sere
785 1262 1051 1339 juvenumdlenum
1098 1284 1099 1289 ¹

157 1387 247 1445 coque
270 1368 435 1425 inexhausta
460 1369 611 1445 pubertas:
641 1387 694 1425 nec
716 1369 839 1445 virgines
859 1368 1051 1435 festinantur3

158 1473 255 1530 eadem
286 1474 412 1550 juvente,
446 1473 543 1530 similis
567 1473 741 1555 proceritas:
775 1492 855 1550 pares
882 1472 1051 1550 validaeque

144 1578 317 1647 miscentur,
331 1598 365 1636 ac
378 1578 479 1636 robora
488 1586 636 1655 parentum
645 1577 726 1635 liberi
736 1578 870 1635 referimt.
911 1577 1050 1636 Sororum

157 1681 221 1739 filiis
231 1681 305 1738 idem
319 1682 392 1759 apud
402 1683 572 1740 avrmculum
584 1683 633 1760 qui
642 1683 716 1761 apud
725 1692 832 1761 patrem
839 1684 938 1741 honor.
976 1684 1050 1747 Qui·

159 1789 223 1847 dam
236 1790 403 1847 sanctiorem
417 1791 619 1868 arctioremque
632 1790 707 1847 hunc
720 1808 824 1847 nexum
842 1789 986 1866 sanguinis
1002 1809 1050 1848 ar·

159 1896 306 1965 bitrcntur,
331 1904 360 1953 et
383 1895 412 1951 in
439 1897 607 1974 accipiendis
631 1895 773 1953 obsidibus
798 1896 889 1972 magis
913 1894 1055 1971 exigunt3

157 2010 299 2079 tamquam
317 2001 337 2057 ii
355 2009 384 2058 et
402 2002 527 2058 animum
540 2001 647 2058 firmius
660 2009 689 2059 et
702 2001 816 2058 domum
829 2001 912 2058 letius
926 2008 1052 2059 teneant.

159 2104 287 2162 Heredes
301 2113 396 2162 tamen
411 2124 641 2182 successoresque
655 2106 698 2162 sui
711 2107 811 2182 cuique
824 2105 923 2173 liberi;
942 2113 971 2162 ct
984 2105 1053 2162 nul-

136 2203 139 2208 *
157 2211 216 2267 lum
229 2218 435 2267 testamentum.
478 2209 509 2268 Si
522 2209 603 2267 liberi
620 2230 678 2268 non
696 2219 769 2278 sunt,
788 2212 930 2288 proximus
943 2211 1052 2288 gradus
1107 2200 1108 2217 ³

155 2316 186 2371 in
207 2314 381 2391 possessione
404 2314 515 2383 fratres,
536 2317 637 2392 patrui,
661 2316 800 2374 avrmculi.
849 2317 963 2380 Quanto
982 2317 1050 2394 plus

155 2420 382 2497 propinquorum,
404 2438 460 2495 quo
473 2420 564 2496 major
576 2420 709 2478 adfinium
722 2441 864 2491 numerus,
884 2431 963 2480 tanto
980 2442 1049 2499 grs-

155 2524 254 2583 tiosior
267 2532 404 2591 senectus,
418 2543 471 2582 nec
483 2524 542 2582 ulla
554 2525 681 2583 orbitatis
694 2526 792 2603 pretia.

196 2627 279 2691 XXI·
321 2628 467 2706 Suscipere
487 2638 545 2687 tam
565 2630 722 2688 inimicitias
741 2651 790 2688 seu
811 2633 917 2709 patris
918 2651 966 2688 seu
979 2652 1050 2709 pro-

157 2736 254 2814 pinqui
280 2755 367 2827 quam
380 2735 526 2857 amipitias
553 2753 667 2791 necesse
694 2742 759 2792 est:
788 2753 840 2792 nec
867 2735 1051 2810 inplacabiles

157 2843 267 2901 durant.
284 2802 412 2900 abillis
421 2813 496 2898 dnim
509 2841 593 2898 etiam
606 2839 785 2902 homicidium
807 2849 882 2898 certo
905 2848 1051 2898 armento-

155 2966 218 3004 rum
231 2966 264 3003 ac
276 2965 427 3035 pecorum
423 2964 553 3013 pumero
562 2945 727 3041 recipitque
748 2944 963 3002 satisfactionem
979 2947 1049 3003 uni·

154 3071 237 3111 versa
263 3050 420 3119 domus,'ut
409 3016 549 3107 tiliter
517 3070 547 3106 ιιι
562 3016 720 3126 publicum,
744 3051 810 3129 quia
832 3050 1050 3128 periculosiores

154 3163 219 3212 sunt
232 3152 391 3210 inimicitiae
402 3155 483 3228 juxta
495 3152 661 3210 libertatem.
702 3133 918 3212 &arietibus
903 3152 932 3212 et
950 3155 1050 3233 hospi-

153 3259 199 3316 tiis
213 3277 269 3317 non
283 3256 337 3313 alia
349 3275 418 3333 gens
437 3258 549 3314 effusius
565 3257 701 3335 indulget.
742 3259 955 3337 Quemcumque
967 3279 1049 3319 mor-

152 3365 251 3423 talium
263 3381 358 3421 arcere
377 3370 460 3431 tecto,
479 3361 559 3419 nefas
567 3362 710 3441 babetur
729 3383 780 3442 pro
797 3365 913 3422 fortuna
924 3366 1049 3444 quisque

151 3470 291 3557 adparatis
303 3467 391 3546 epulis
406 3448 524 3545 excipit.
556 3468 630 3526 Cum
651 3468 786 3539 defecere,
807 3490 856 3547 qu1
848 3470 958 3528 modo
978 3470 1048 3530 hos-

150 3598 199 3656 pes
225 3577 326 3644 fuerat,
351 3581 544 3634 monstrator
553 3572 667 3652 hospitii
700 3584 729 3633 et
755 3595 858 3645 comes,
885 3578 1045 3655 proximam
