2242 3992
355 417 531 461 causamn
554 419 651 461 arnan
672 418 694 459 1.
916 399 973 455 103

73 552 109 610 tis
123 554 290 631 sagittisque
303 542 385 632 pulsi,
398 557 541 634 temptatis
554 557 661 614 frustra
674 556 877 613 conditionibus
887 556 973 632 paen,

76 678 142 715 cum
154 661 269 737 quidam
279 660 315 718 ad
325 662 526 720 Germanicum
534 662 731 739 perfugissent,
742 662 852 738 reliqui,
863 661 973 719 omissis

74 767 154 842 pagis
168 767 303 843 vicisque,
324 767 354 823 in
375 767 460 825 silvas
481 767 689 844 dispergrmtur.
731 766 974 835 Caesar‚·in0ens0

76 869 191 940 Mattio,
217 872 263 952 (id
289 872 367 948 genti
395 869 502 949 caput)
532 881 630 950 aperta
652 872 801 950 populatus
828 873 912 929 vertit
938 871 975 929 ad

77 975 220 1046 Rhenum,
248 996 306 1034 non
329 997 397 1035 auso
421 977 502 1035 hoste
529 986 611 1054 terga
634 978 796 1035 abeuntium
819 977 975 1045 lacessere;

77 1085 153 1161 quod
165 1085 208 1142 illi
221 1085 316 1155 moris,
331 1065 459 1163 quotiens
481 1094 544 1144 astu
564 1087 654 1162 magis
675 1105 760 1163 quam
779 1105 829 1163 per
848 1086 975 1144 formidi-

77 1208 143 1248 nem
164 1193 257 1249 cessit.
297 1191 401 1249 Fuerat
425 1192 535 1248 animus
559 1191 711 1249 Cheruscis
733 1192 833 1267 juvare
850 1192 974 1250 Cattos:

77 1295 126 1352 sed
139 1297 275 1353 exterruit
289 1296 411 1354 Caecina
423 1296 480 1353 huc
493 1296 562 1352 illuc
580 1295 674 1352 ferens
693 1315 787 1364 arma;
807 1305 835 1353 et
850 1295 973 1365 Marsos,

80 1401 211 1478 congredi
224 1421 316 1471 ausos,
330 1420 465 1479 prospero
479 1400 585 1478 proelio
600 1399 733 1457 cohibuit.

116 1505 214 1564 LVII.
254 1505 355 1584 Neque
374 1506 464 1563 multo
485 1514 548 1583 post
567 1505 654 1582 legati
674 1526 691 1563 a
707 1504 822 1583 Segeste
836 1516 973 1564 venerrmt

79 1611 209 1668 auxilium
230 1621 341 1669 orantes
362 1612 496 1669 adversus
516 1613 574 1669 vim
593 1611 777 1690 popularium,
798 1631 815 1668 a
835 1613 898 1686 quis
919 1613 972 1669 cir-

82 1716 310 1785 cumsedebatur3
330 1716 465 1774 validiore
479 1716 553 1794 apud
571 1736 619 1773 eos
634 1716 774 1784 Arminio,
788 1716 900 1792 quando
913 1717 973 1773 bel-

81 1819 135 1877 lum
163 1821 306 1879 suadebat.
360 1821 436 1879 Nam
465 1822 601 1889 barbaris,
630 1830 735 1897 quanto
765 1821 827 1895 quis
858 1820 972 1877 audacia

81 1937 230 2005 promptus,
251 1935 330 1985 tanto
350 1928 439 2003 magis
460 1926 532 1984 fidus
554 1926 694 2001 rebusque
713 1924 797 1980 motis
817 1924 909 2000 potior
922 1923 972 1982 ha-

81 2028 169 2086 betur.
209 2029 367 2087 Addiderat
382 2030 512 2107 Segestes
532 2029 632 2106 legatis
652 2028 749 2097 filium,
766 2030 878 2085 nomine
894 2029 973 2107 Segi·

83 2135 231 2192 mnndum:
253 2134 303 2192 sed
319 2135 431 2211 juvenis
455 2136 625 2192 conscientia
648 2134 845 2191 cunctabatur:
870 2136 971 2213 quippe

85 2257 161 2307 anno,
184 2259 240 2317 quo
262 2238 430 2298 Germaniae
455 2240 605 2309 descivere,
631 2240 759 2298 sacerdos
782 2239 856 2317 apud
881 2241 972 2298 Aram

85 2340 217 2400 Ubiorum
241 2352 359 2414 creatus,
373 2353 488 2422 ruperat
507 2345 601 2414 vittas,
621 2346 758 2423 profugus
778 2345 813 2403 ad
833 2347 971 2405 rebelles:

85 2446 213 2506 adductus
233 2459 328 2507 tamen
351 2450 380 2506 in
403 2469 482 2526 spem
505 2450 668 2507 clementiae
693 2450 837 2509 Romanae
857 2454 972 2530 pertulit

85 2553 165 2626 patris
187 2554 340 2622 mandata3
369 2555 546 2631 benigneque
574 2564 715 2632 exceptus,
743 2576 806 2613 cum
832 2559 971 2634 praesidio

87 2656 217 2716 Gallicam
230 2660 261 2716 in
274 2660 364 2736 ripam
382 2661 485 2716 missus
503 2666 555 2715 est.
598 2659 767 2718 Germanico
784 2662 904 2739 pretium
917 2663 971 2720 fuit

86 2773 239 2822 convertere
254 2783 374 2840 agmen:
393 2771 603 2841 pugnatumque
619 2765 648 2821 in
667 2766 827 2835 obsidentis,
844 2777 872 2824 et
892 2787 971 2844 erep-

86 2874 128 2923 tus
154 2869 283 2946 Segestes
310 2888 413 2945 magna
439 2888 504 2925 curn
530 2870 750 2946 propinquorum
777 2881 805 2928 et
829 2872 971 2929 clientium

81 2951 171 3032 ¹manu.
210 2975 327 3033 Inerant
345 2975 467 3032 feminae
486 2975 613 3042 nobiles;
640 2976 713 3032 inter
736 2997 805 3053 quas
828 2997 899 3035 uxor
914 2980 971 3036 Ar·

87 3078 166 3148 minii,
179 3079 331 3154 eademque
346 3077 403 3134 filia
418 3078 551 3154 Segestis,
566 3080 659 3136 mariti
672 3082 761 3157 magis
774 3102 858 3158 quam
872 3104 972 3161 paren-

87 3181 121 3237 tis
138 3184 236 3252 animo,
250 3203 342 3260 neque
355 3185 430 3241 victa
449 3185 479 3240 in
498 3184 627 3241 lacrimas
647 3205 739 3263 neque
758 3208 827 3246 voce
847 3191 971 3268 supplex,

91 3290 236 3364 conpressis
259 3290 336 3346 intra
359 3289 451 3346 sinum
471 3291 608 3360 manibus,
630 3292 776 3367 gravidum
797 3304 906 3352 uterum
931 3299 973 3353 in·

5 3466 6 3469 Ἰ
89 3398 173 3451 tuens.
211 3395 384 3454 Ferebantur
403 3404 431 3453 et
452 3396 541 3473 spolia
561 3396 700 3455 Varianae
723 3401 817 3469 cladis,
833 3402 973 3479 plerisque

90 3514 186 3569 eorum,
198 3501 247 3578 qui
259 3508 321 3558 tum
334 3501 364 3557 in
378 3500 548 3559 deditionem
562 3503 719 3574 veniebant,
730 3507 848 3582 praedae
862 3507 934 3564 data
