2242 3992
154 356 212 416 110
509 368 660 411 recmns.

157 500 304 559 hominum
331 495 445 554 milibus
477 514 566 554 unum
595 497 655 573 jam
682 495 822 573 reliquum
848 494 922 554 diem
949 494 1066 556 lamen·

156 607 299 666 tabantur.

198 709 308 769 LXVI.
349 708 434 766 Forte
448 725 537 785 equus
555 707 681 784 abruptis
694 706 813 765 vinculis
833 725 922 784 vagus
946 714 974 764 et
997 706 1063 763 cla·

158 834 238 873 more
257 814 373 871 territus
394 811 530 889 quosdam
547 812 758 869 obcurrentium
775 812 955 870 obturbavit:
975 820 1064 870 tanta

158 919 224 979 inde
252 918 440 976 consternatio
467 917 605 994 inrupisse
630 917 788 976 Germanos
813 917 996 987 credentium,
1028 926 1064 975 ut

160 1026 253 1085 cuncti
281 1032 395 1081 ruerent
420 1022 458 1081 ad
483 1031 588 1100 portas,
616 1042 735 1100 querum
762 1022 915 1081 decumana
935 1022 1063 1080 maxInre

159 1133 314 1210 petebatur,
335 1148 435 1187 aversa
453 1127 528 1186 hosti
551 1137 581 1187 et
601 1127 773 1205 fugientibus
786 1128 882 1185 tutior.
923 1128 1062 1197 Caecina,

160 1245 293 1314 conperto
321 1253 423 1293 vanam
451 1252 512 1291 esse
538 1232 727 1302 formidinem,
752 1252 816 1310 cum
842 1241 937 1291 tamen
963 1251 1063 1310 neque

159 1343 334 1410 auctoritate,
354 1359 446 1417 neque
465 1340 603 1417 precibus,
623 1359 660 1397 ne
679 1359 766 1397 menn
785 1340 907 1417 quidem,
921 1339 1064 1397 obsistere

161 1451 210 1501 aut
231 1443 351 1499 retinere
374 1440 493 1498 militem
511 1441 613 1518 quiret,
632 1441 775 1518 projeetus
795 1442 824 1498 in
844 1440 940 1498 limine
960 1448 1064 1518 portae

160 1553 338 1610 miseratione
351 1551 472 1620 demum,
487 1551 553 1627 quia
565 1569 616 1628 per
629 1570 729 1629 corpus
742 1551 829 1628 legati
846 1551 969 1608 eundum
987 1560 1063 1621 erat,

163 1656 262 1715 clausit
275 1657 367 1714 viam:
388 1657 471 1713 simul
483 1656 590 1714 tribuni
609 1663 638 1713 et
656 1656 832 1714 centuriones
849 1656 954 1714 salsum
970 1676 1063 1734 pavo·
1108 1651 1109 1660 ¹

162 1781 223 1820 rem
237 1782 298 1820 esse
313 1762 477 1820 docuerrmt.

201 1866 327 1925 LXVII.
368 1867 450 1924 Tunc
464 1873 620 1924 contractos
633 1865 662 1922 in
676 1866 812 1943 principia
821 1867 973 1944 jussosque
983 1866 1062 1925 dieta

163 1992 228 2032 cum
251 1973 362 2031 silentio
382 1972 519 2050 adcipere,
539 1972 673 2050 temporis
695 1993 730 2030 ae
751 1973 924 2032 necessitatis
943 1981 1061 2031 monete

164 2079 263 2139 <Unum
287 2081 320 2139 ie
342 2081 432 2137 ermis
454 2078 571 2137 odeum
581 2103 594 2148 ,·
615 2079 665 2137 red
685 2098 719 2137 eo
738 2078 850 2137 mnsile‘o
868 2080 1060 2155 temperanda,
1107 2123 1108 2148 ,

162 2186 388 2261 manendumque
400 2185 478 2242 intre
492 2183 606 2253 vellem,
620 2184 704 2243 donee
715 2186 896 2262 npuyncedi
907 2186 991 2244 hoste
1012 2204 1060 2262 spe

157 2290 279 2366 propius
298 2261 493 2357 subcedereet5
526 2308 589 2346 moe
612 2290 735 2365 undique
758 2291 984 2366 erumpendum
1010 2289 1059 2348 eila

162 2394 305 2468 eruptione
318 2394 359 2450 ed
370 2393 502 2451 Rhenum
511 2396 677 2470 perueniri:
699 2397 798 2471 quodsi
805 2397 952 2473 feremur,
960 2396 1060 2473 plures

161 2496 254 2567 siloas,
264 2499 427 2573 profundus
440 2501 530 2576 meeis
537 2499 667 2575 paludes,
681 2501 827 2559 saevitiem
836 2502 954 2560 bosnam
961 2522 1059 2575 super·

163 2622 244 2672 esee5
277 2613 308 2662 et
330 2605 474 2662 victoribus
497 2606 587 2674 decus,
607 2605 753 2682 electam:
782 2627 854 2684 quoe
876 2610 952 2666 domi
981 2628 1060 2675 eure,

165 2713 282 2787 quaein
305 2713 403 2770 castris
425 2712 544 2780 honesto,
566 2721 722 2771 memorate
742 2713 854 2771 reticuit
873 2713 908 2771 de
926 2713 1060 2772 adversis.

166 2815 263 2893 Equos
287 2816 397 2886 dehinc,
418 2835 499 2875 orsus
519 2836 537 2875 a
560 2817 626 2885 suis,
648 2817 805 2894 legatorum
827 2818 1059 2897 tribunorumque

165 2920 244 2978 nulla
265 2922 415 2980 ambitione
428 2921 582 2979 fortissimo
596 2921 696 2998 cuique
713 2921 841 2981 bellatori
859 2923 953 2993 tradit,
966 2932 998 2981 ut
1018 2923 1057 2992 bi,

165 3044 231 3081 mox
243 3026 337 3102 pedes,
351 3027 381 3083 in
394 3025 503 3083 bostem
517 3023 691 3082 invaderent.
1102 3011 1103 3022 ¹

205 3127 347 3189 LXVIII.
388 3130 474 3188 Haud
491 3130 584 3187 minus
604 3129 713 3206 inquies
728 3130 887 3189 Germanus
906 3152 964 3210 spe,
982 3133 1058 3212 eupi-
1101 3143 1102 3196 i

166 3233 239 3302 dine,
250 3243 278 3291 ot
292 3235 408 3292 diversis
423 3235 526 3292 ducum
538 3235 683 3292 sententiis
697 3237 816 3311 agebat:
831 3238 970 3309 Arminio,
983 3243 1057 3300 eine·
1100 3295 1101 3322 ἦ

164 3350 228 3399 rent
246 3341 346 3417 eyrede',
364 3359 532 3417 egressosque
550 3359 666 3398 rursum
680 3360 737 3416 per
753 3342 871 3401 hemido
889 3354 915 3402 et
935 3347 1056 3421 inpedito
1100 3325 1101 3370 i

165 3440 403 3508 circumvenirent,
418 3441 572 3501 suadente:
592 3443 729 3501 atrociora
745 3444 924 3523 Inguiomero
942 3458 971 3508 et
988 3451 1055 3509 laete

165 3546 300 3617 barbaris,
312 3556 344 3604 et
355 3546 460 3604 callum
474 3548 564 3604 ermis
577 3548 732 3606 enebirent:
742 3563 906 3629 promptam
919 3574 1054 3634 expuens·
1085 3525 1100 3616 s

1093 3907 1097 3936 i
