2242 3992
132 338 151 394 6
499 349 646 394 rscrros.

130 479 286 538 adfectione
299 477 394 546 animi,
409 476 459 534 sed
471 479 537 555 quia
548 497 683 536 numerus
701 486 897 556 argenteorum
909 478 1024 538 facilior

129 586 194 644 usui
206 593 250 642 est
262 583 420 662 promiscua
432 603 469 643 ac
478 583 545 642 vilia
557 584 754 641 mercantibus.

112 734 118 743 .
172 689 224 747 VI.
275 686 320 746 Ne
342 687 449 744 ferrum
469 687 583 765 quidem
604 697 738 766 superest,
766 689 838 747 sicut
861 706 896 746 ex
917 707 1024 765 genere

130 795 252 854 telorum
265 793 422 885 copligitur.
462 791 533 856 Rari
552 793 663 870 gladiis,
677 803 725 851 aut
744 794 896 870 majoribus
916 793 1023 852 lanceis

131 908 256 991 utuntur.
298 868 412 993 Idastds,
422 898 489 956 vel
481 918 606 976 ipsorum
612 898 748 956 vocabulo
752 900 894 973 frameas
909 907 1024 975 gerum,

133 984 252 1083 angusto
266 1014 295 1063 et
306 1004 386 1063 brevi
399 1005 483 1073 ferro,
505 1004 554 1061 sed
572 1005 612 1061 ita
624 1004 681 1062 acri
695 1013 723 1061 et
736 1003 773 1061 ad
784 1022 868 1063 usum
880 1002 975 1073 habili,
989 1014 1023 1064 ut

133 1111 232 1173 eodem
243 1112 310 1181 telo,
330 1119 413 1190 prout
430 1111 501 1169 ratio
521 1111 619 1189 poscit,
636 1109 683 1168 vel
703 1109 827 1168 cominus
851 1109 897 1168 vel
913 1111 1022 1169 eminus

133 1226 267 1295 pugnent.
307 1216 346 1299 Et
360 1235 444 1307 eques
463 1215 577 1294 quidem
597 1222 676 1273 scuto
692 1201 854 1291 frameaque
875 1223 1021 1274 contentus

134 1332 196 1380 est:
217 1322 323 1400 pedites
337 1322 494 1383 &missilia
507 1318 651 1400 spargrmt,
664 1319 745 1397 plura
764 1320 875 1398 singuli,
893 1329 977 1397 atque
990 1322 1021 1379 in

135 1428 292 1501 inmensum
305 1428 425 1499 vibrant,
442 1426 512 1485 nudi
530 1435 580 1484 aut
593 1426 690 1503 sagulo
702 1426 789 1484 leves.
829 1425 914 1484 Nulla
926 1425 1020 1483 cultus

132 1500 266 1607 jactatio:
287 1538 366 1588 scuta
378 1537 487 1588 tantum
499 1529 657 1617 lectissimis
671 1529 809 1587 coloribus
828 1528 1020 1621 distinguunt·

133 1637 229 1715 paucis
242 1636 353 1706 loricae,
373 1637 420 1694 vix
433 1656 482 1694 um
473 1636 611 1694 alterive
629 1636 723 1706 cassis,
742 1643 791 1694 aut
808 1634 897 1712 galea.
946 1634 1023 1713 Equi

134 1760 192 1799 non
210 1742 310 1811 forma,
333 1760 391 1799 non
408 1740 555 1798 velocitate
573 1738 724 1818 conspicui.
766 1740 822 1799 Sed
838 1760 896 1798 nec
914 1741 1022 1799 variare

136 1864 221 1935 gyrps
234 1845 264 1901 in
277 1865 384 1903 morem
396 1854 523 1905 nostrum
542 1846 687 1904 docentur.
726 1846 762 1904 In
779 1855 887 1904 rectum
904 1856 954 1904 aut
966 1866 1022 1905 uno

136 1947 211 2035 flexu
224 1949 335 2007 dextros
349 1958 445 2027 agunt,
457 1950 499 2007 ita
504 1950 658 2026 ,conjuncto
669 1950 736 2007 orbe
746 1957 778 2006 ut
790 1969 872 2029 nemo
885 1950 1022 2027 posterior

136 2055 193 2112 sit.
221 2054 257 2112 In
280 2056 442 2113 uuiversum
465 2055 632 2142 aestimanti,
650 2055 713 2132 plus
731 2074 815 2133 penes
835 2056 957 2133 peditem
975 2075 1022 2114 ro·

135 2159 230 2218 boris:
260 2178 348 2237 eoque
366 2161 446 2237 mixti
466 2156 646 2249 prqeliairtur,
664 2169 729 2237 ppta
749 2169 777 2217 et
798 2170 968 2238 congruente
987 2161 1024 2219 ad
1110 2198 1111 2207 κ

135 2272 293 2340 equestrem
305 2283 429 2341 pugnam
441 2264 588 2333 velocitate
601 2263 733 2342 peditum,
755 2285 825 2343 quos
844 2266 967 2323 exomni
976 2266 1025 2342 ju-

136 2376 250 2427 ventute
264 2368 394 2437 delectos,
408 2378 473 2426 ante
486 2369 574 2426 aciem
587 2370 719 2445 locant]
731 2369 873 2428 Definitur
886 2380 914 2428 et
923 2390 1024 2429 numu-
1109 2396 1110 2437 ι

138 2491 205 2529 rus:
225 2472 332 2529 centeni
353 2490 388 2529 ex
410 2471 526 2548 singulis
545 2473 624 2550 pagis
648 2482 733 2543 sunt;
752 2475 856 2552 idque
848 2496 940 2553 rpsum
952 2477 1026 2535 inter

136 2595 201 2634 suos
219 2585 363 2646 vocantur,
383 2585 412 2634 et
425 2576 500 2654 quod
512 2578 602 2654 primo
615 2598 747 2637 numerus
766 2580 856 2650 filit,
845 2601 905 2657 Jam
922 2602 1024 2642 nomen
1108 2618 1109 2665 p

135 2692 164 2740 et
180 2681 271 2740 honor
292 2691 343 2739 est
383 2681 469 2738 Acies
492 2699 543 2757 per
567 2669 669 2738 cuneos
693 2683 875 2760 componitur.
917 2684 1025 2745 Cedere

138 2785 208 2854 loco,
227 2785 376 2843 dummodo
394 2804 491 2843 mrsus
510 2784 606 2855 instes,
629 2787 737 2845 consilii
760 2808 845 2865 quam
867 2789 1023 2848 formidinis

135 2891 313 2948 arbitrantur.
362 2891 488 2969 Corpora
507 2910 622 2949 suorum
645 2893 729 2950 etiam
751 2893 891 2959 indubiis
910 2896 1025 2973 'proeliis

134 2995 269 3053 referunt.
304 2994 420 3055 Scutum
433 2995 588 3073 reliquisse,
602 2997 781 3075 praecipuum
799 2998 953 3077 flagitium
972 3020 1026 3060 nec
1105 3022 1108 3131 q

135 3108 184 3158 aut
204 3100 289 3159 sacris
308 3099 405 3157 adesse
425 3109 474 3158 aut
493 3101 671 3158 concilium
663 3102 742 3172 mire,
760 3104 945 3197 ignominioso
963 3107 1027 3176 fas;

62 3226 64 3235 ⁴
132 3204 268 3280 multique
281 3205 442 3282 superstites
456 3168 594 3263 bellorum
607 3206 750 3269 infamiam
762 3208 862 3287 laqueo
872 3211 1019 3271 finierunt.
1043 3182 1083 3283 ζ

174 3308 242 3366 VII.
283 3308 377 3386 Reges
391 3328 425 3366 ex
438 3310 598 3380 nobilitate3
619 3312 702 3371 duces
725 3333 760 3371 ex
780 3315 883 3372 virtute
901 3328 1045 3376 sumunt.-

134 3415 196 3474 Nec
219 3415 331 3492 regibus
354 3414 462 3472 infinita
483 3423 532 3473 aut
553 3415 643 3474 libera
660 3426 801 3494 potestas:
821 3430 850 3477 et
869 3422 954 3480 duces
975 3442 1025 3481 ex·

135 3521 225 3598 emplo
239 3521 339 3598 potius,
364 3539 449 3598 quam
461 3521 587 3599 irnperio,
608 3523 632 3580 si
645 3525 774 3602 prompti,
796 3524 819 3582 si
834 3527 983 3604 conspicui,
998 3528 1023 3585 si
1047 3504 1068 3593 Ι,
