2242 3992
389 344 573 386 canutum.
904 322 935 384 ll

74 488 129 544 tium
140 498 232 566 petunt
245 490 319 547 ultro
332 509 379 547 eas
392 492 527 560 nationes,
541 511 613 570 quae
626 501 687 549 tum
704 490 809 549 bellurn
829 485 941 564 aliquod

76 602 175 667 gerunt3
193 595 257 670 quis
269 603 298 653 et
311 595 420 672 inmuta
433 598 511 672 genti
521 599 609 675 quies,
621 607 649 655 et
658 597 768 654 facilius
781 596 855 652 inter
868 590 942 649 auci·

76 697 127 773 pitia
135 697 293 768 clarescrmt,
306 719 494 778 magnumque
504 703 666 788 comitatum
678 721 735 759 non
748 700 802 757 nisi
815 699 844 755 vi
856 696 944 754 bello·

78 819 117 876 que
128 810 225 860 tueare.
265 804 393 881 Exigrmt
414 806 490 861 enim
510 807 642 883 principis
664 807 707 863 sui
726 804 891 865 liberalitate
911 794 945 857 il·

78 895 122 953 lun
133 895 288 958 bellatorem
303 898 415 977 equum,
429 901 507 958 illam
521 913 664 960 cruentam
677 902 874 977 victricemque
886 898 945 955 fra·

78 1018 159 1059 meam
215 1004 289 1062 Nam
324 1005 431 1082 epulae,
459 1015 488 1063 et
513 1027 683 1085 quamquam
709 1005 850 1082 incompti,
874 1003 946 1091 largi

78 1112 158 1162 tamen
169 1108 311 1185 adparatus
325 1129 377 1187 pro
391 1110 528 1188 stipendio
542 1113 653 1171 cedunt.
694 1112 817 1170 Materia
835 1108 946 1166 munifi·
1020 1166 1021 1171 ,

78 1210 169 1268 entiae
180 1232 227 1290 per
238 1215 311 1272 bellu
325 1224 354 1272 et
368 1225 473 1293 raptus.
525 1217 587 1275 Nec
605 1237 685 1275 arare
705 1202 817 1285 terram,
838 1222 886 1272 sut
900 1192 947 1270 cx·

79 1296 183 1390 demto
204 1312 320 1389 annmn,
343 1329 401 1378 tam
428 1321 511 1380 facile
534 1324 714 1400 persuaseris,
738 1341 821 1401 quam
848 1338 948 1377 vocure

80 1416 153 1478 hostes
165 1432 191 1480 et
204 1424 325 1481 vulnera
341 1428 452 1483 mereri.
493 1428 611 1505 Pigrum
635 1430 702 1505 quin
715 1429 801 1485 immo
821 1434 849 1484 et
872 1425 947 1481 iners

80 1523 174 1595 videtu,
188 1529 293 1585 sudore
307 1529 460 1607 adquirere,
474 1533 550 1609 quod
562 1535 653 1610 possis
667 1533 801 1611 sanguine
814 1548 921 1608 parare.

110 1628 164 1690 XV.
213 1633 352 1697 Quotiens
379 1635 455 1693 bella
479 1655 537 1693 non
553 1637 668 1710 ineunt,
695 1636 815 1693 multum
842 1634 948 1691 venati·

80 1732 127 1802 bus,
146 1736 204 1813 plus
221 1757 275 1815 per
293 1739 381 1796 otium
404 1741 571 1817 transigunt,
596 1706 681 1798 desditi
705 1759 802 1797 somno
823 1739 948 1815 ostroque,

79 1836 224 1900 fortissimus
246 1844 367 1921 quisque
383 1863 415 1902 ac
429 1836 655 1905 bellicosissimus
668 1846 739 1902 nihil
759 1864 853 1921 agens,
875 1842 949 1900 dele·

79 1951 134 2016 gata
145 1945 234 2006 domus
253 1956 284 2005 et
303 1949 444 2025 penatium
465 1958 493 2007 et
512 1970 643 2027 agrorum
662 1970 729 2008 cura
747 1950 858 2007 feminis
877 1947 949 2004 seni·

79 2045 168 2125 busque
189 2061 216 2109 et
235 2052 428 2111 infirmissimo
450 2056 549 2133 cuique
570 2076 605 2114 ex
622 2056 747 2114 familia:
767 2055 820 2132 ipsi
838 2052 950 2119 hebent,

79 2152 306 2216 necdiversitate
325 2167 449 2228 naturae,
464 2180 528 2217 cum
547 2161 631 2218 iidem
650 2162 777 2219 homines
799 2162 838 2218 sic
858 2169 952 2217 ament

80 2256 189 2319 inertiam
202 2273 231 2320 et
244 2262 358 2320 oderint
371 2266 502 2341 quietem.
541 2265 610 2323 Mos
630 2276 673 2324 est
692 2267 857 2335 civitatibus,
877 2266 952 2323 ultro

80 2376 105 2418 ac
115 2366 212 2424 viritim
225 2369 355 2426 conferre
370 2371 543 2448 principibus
563 2371 609 2428 vel
628 2381 817 2430 armentorum
834 2372 880 2429 vel
892 2371 952 2428 fru-

78 2485 142 2542 gum,
163 2472 236 2547 quod
259 2492 310 2549 pro
336 2472 443 2532 honore
467 2487 611 2554 acceptum
634 2479 717 2535 etiam
743 2477 954 2535 necessitatibus

80 2573 208 2645 subvenit.
244 2577 377 2636 Gaudent
387 2583 532 2659 praecipue
541 2583 722 2639 finitimarum
731 2584 856 2659 gentium
866 2580 955 2646 donis,

80 2693 138 2750 quae
157 2698 214 2738 non
232 2683 316 2740 modo
338 2703 357 2741 a
369 2685 485 2761 singulis
503 2686 553 2744 sed
571 2687 680 2763 publice
699 2688 855 2753 mittuntur,
876 2683 957 2741 electi

85 2784 145 2858 equi,
158 2805 261 2864 magna
274 2807 360 2858 arma,
379 2789 518 2866 phalerae,
538 2800 717 2868 torquesque.
756 2790 822 2850 Jam
835 2799 863 2847 et
876 2808 959 2867 pecu·

50 2916 59 2949 r
83 2885 146 2945 niam
158 2893 285 2969 ancipere
299 2895 452 2952 docuimus.
479 2937 484 2941 -

49 2972 59 3027 ἵ
116 2990 190 3053 XVI.
234 2997 336 3056 Nullas
362 2999 569 3059 Germanorum
589 3001 700 3079 populis
723 3001 807 3058 urbes
831 2999 958 3068 habitari,

82 3097 140 3154 satis
152 3111 249 3160 uotum
263 3113 326 3162 ast:
346 3126 382 3163 ne
396 3108 453 3183 pati
467 3107 580 3184 quidem
599 3109 672 3164 inter
692 3126 722 3163 se
739 3106 851 3182 junctas
872 3105 960 3162 sedes.

79 3198 173 3263 Colunt
187 3208 301 3267 discreti
316 3230 349 3268 ac
363 3211 475 3281 diversi,
490 3222 523 3269 nt
534 3212 608 3280 fons,
628 3220 659 3269 ut
673 3231 794 3289 campus,
809 3219 849 3268 ,ut
860 3231 959 3268 nemus

77 3305 182 3379 placuit.
224 3313 310 3373 Vicos
325 3315 425 3386 locant,
440 3336 497 3374 uon
510 3318 539 3374 in
553 3325 680 3374 nostrum
693 3336 808 3385 morem,
829 3316 960 3373 connexis

78 3418 103 3466 et
115 3415 324 3508 cohaerentibus
339 3422 489 3480 aedificiis:
511 3443 590 3480 suam
610 3424 727 3499 quisque
742 3422 854 3480 domum
873 3419 961 3497 spatio

80 3514 234 3594 circumdat,
250 3525 309 3583 sive
321 3526 454 3586 adversus
468 3547 548 3585 casus
567 3527 640 3604 ignis
661 3526 821 3591 remedium,
840 3525 899 3579 sive
919 3521 961 3575 in·
