2242 3992
385 367 563 411 ansanum
584 368 682 410 menn
704 369 724 410 r.
943 352 1001 412 105

102 521 153 579 spe
168 501 214 558 vel
229 502 324 560 dolore
342 503 488 582 adcipitur.
529 506 699 573 Arminium,
714 524 797 583 super
817 506 929 564 insitam
942 508 1002 565 vio·

100 607 229 677 lentiam,
253 617 332 685 rapta
359 629 438 679 uxor,
463 611 605 687 subjectus
633 612 746 670 servitio
773 613 867 670 uxoris
894 622 1000 683 uterus,

99 713 253 771 vecordem
276 716 415 792 agebant:
442 717 633 795 volitabatque
655 738 706 797 per
730 718 898 787 Cheruscos,
923 739 1000 777 arma

98 820 128 875 in
145 818 303 896 Segestem,
318 840 395 878 arma
411 821 440 878 in
455 821 607 881 Caesarem
624 843 761 901 poscens:
780 843 872 901 neque
891 826 1001 902 probris

98 926 277 1002 temperabat
285 927 487 1005 z-Eyreyium
492 932 627 1006 putrem!
642 950 778 1006 muffuum
787 932 1000 1006 imperatorem!

87 1031 201 1103 fertem
215 1032 390 1090 causitum!
403 1053 522 1111 quorum
535 1044 572 1091 tot
584 1054 687 1091 muuus
701 1054 789 1091 uuum
804 1034 999 1092 mulierculam

97 1138 253 1194 aueumiut.
295 1137 357 1195 Sibi
368 1148 423 1197 tres
435 1139 561 1216 leyioues,
575 1143 685 1198 totidem
697 1141 795 1218 leyutos
810 1141 999 1218 procubuisse.

97 1241 169 1299 Nou
182 1244 260 1299 euim
270 1262 299 1300 se
305 1245 473 1318 proditioue,
483 1263 571 1319 ueque
584 1244 998 1320 aduersusfhmiuusyruuidus,

96 1347 259 1423 sedpulum
272 1350 404 1406 udomsus
417 1359 538 1407 urmutos
551 1346 650 1404 bellum
663 1356 799 1404 tractare:
819 1348 898 1404 cerui
909 1347 999 1403 udlzuc

98 1453 314 1511 Germanorum
334 1456 365 1511 iu
385 1454 455 1511 lucis
472 1456 555 1531 siqua
569 1452 710 1520 Romanu,
732 1472 803 1528 quue
824 1454 880 1508 diis
891 1454 999 1528 patriis

96 1561 298 1635 suspenderit:
319 1559 412 1617 coleret
427 1560 546 1636 Seyestcs
559 1561 661 1616 uictum
673 1561 788 1637 rzjuum:
808 1559 932 1615 redderet
934 1557 1000 1636 filio

5 1666 10 1711 i
94 1666 284 1722 sacerdotium
298 1664 463 1722 Remurium
472 1688 485 1732 ,·
512 1663 668 1721 Germanos
684 1681 841 1738 numquam
860 1664 929 1720 sutis
948 1664 999 1720 ud·

5 1818 10 1835 .
96 1780 252 1839 maturos,
267 1772 341 1846 quod
351 1772 425 1827 iuter
438 1768 532 1827 Albim
545 1777 572 1826 et
584 1768 716 1825 Rhenum
736 1769 830 1843 uiryas
849 1777 875 1825 et
893 1787 1000 1825 secures

96 1886 122 1934 et
150 1887 243 1953 toycam
274 1878 416 1934 uiderim.-
447 1875 513 1933 uiiis
539 1874 667 1951 uentibus
694 1874 853 1949 r'yuuruutiu
883 1873 999 1948 imperii

98 1981 230 2039 Romami
256 1983 399 2058 inerpertis
419 2001 475 2040 esse
495 1980 646 2057 supplicia,
667 1980 761 2036 uesciu
784 1978 906 2035 tributu.-
927 1997 998 2053 quae

97 2089 213 2164 quaudo
227 2090 362 2157 exuerint,
377 2089 534 2163 inritusque
546 2087 701 2144 discesserit
720 2083 765 2141 ille
785 2085 858 2140 iuter
875 2084 998 2139 uumiuu

95 2191 209 2248 dicatus
233 2189 387 2267 Auyustus,
410 2190 456 2248 tlte
479 2189 596 2248 delectus
620 2189 757 2258 Tiberius,
778 2209 814 2246 ue
843 2190 996 2264 inperitum

94 2295 338 2363 adolescentulum,
353 2315 388 2353 ue
399 2297 560 2353 seditiosum
574 2297 723 2353 exercitum
736 2305 925 2371 pavescerent.
960 2295 997 2353 Si

88 2401 234 2475 patrium,
243 2411 384 2476 parentes,
398 2402 517 2477 critique
530 2400 644 2459 mallent
655 2421 742 2477 quum
755 2403 880 2459 dominos
893 2411 919 2458 et
931 2400 997 2457 coiu-

94 2504 164 2561 m‘us
186 2523 281 2573 nouus,
296 2505 464 2563 Arminium
480 2508 576 2582 potius
593 2507 699 2584 ylarius
713 2527 746 2564 uc
757 2507 897 2578 libertatis,
911 2526 997 2582 quum

96 2608 402 2686 Seycstemfluuitiosue
414 2613 674 2681 seruitutisducem,
687 2622 873 2688 sequerentur.

136 2713 205 2771 Lx.
247 2715 358 2774 Conciti
374 2735 425 2793 per
444 2715 514 2774 haec
531 2735 589 2772 non
607 2716 691 2773 modo
707 2715 851 2783 Cherusci,
866 2714 916 2771 sed
930 2734 997 2772 con·

94 2821 235 2879 terminae
251 2830 370 2898 gentes3
389 2830 551 2899 tractusque
571 2822 600 2878 iu
618 2822 705 2898 partis
719 2820 923 2895 Inguiomerus
938 2822 996 2878 Ar-

93 2926 178 2983 minii
197 2935 322 3004 patmus
342 2927 432 2984 veteri
452 2925 526 3004 apud
546 2925 690 2983 Romanos
714 2924 898 2992 auetoritate;
921 2924 995 2981 unde

93 3032 191 3107 major
205 3030 320 3089 Caesari
333 3040 442 3088 metus:
463 3038 492 3088 et
508 3050 545 3087 ne
564 3030 669 3088 bellum
683 3030 757 3086 mole
771 3048 828 3086 una
843 3029 995 3106 ingrueret,

93 3135 249 3195 Caecinam
268 3155 332 3193 cum
353 3135 538 3212 quadraginta
557 3135 718 3193 cohortibus
741 3133 877 3192 Romanis
896 3135 997 3192 distru-

90 3240 192 3298 hendo
216 3241 291 3299 hosti
312 3260 363 3319 per
386 3241 537 3299 Bructeros
556 3241 593 3298 ad
613 3240 718 3297 flumen
733 3240 871 3297 Amisiam
892 3240 997 3307 mittit;

90 3346 222 3423 equitem
236 3345 314 3403 Pedo
338 3345 496 3422 praefectus
519 3346 622 3403 finibus
636 3345 791 3403 Frisiorum
807 3346 892 3403 ducit.
930 3344 996 3422 Ipse

89 3450 233 3529 inpositas
250 3452 369 3510 navibus
387 3460 519 3528 quattuor
537 3450 662 3527 legiones
682 3471 733 3529 per
753 3451 829 3509 lacus
843 3451 937 3518 vexit;
957 3450 995 3506 si·

89 3557 212 3634 mulque
239 3556 334 3633 pedes,
356 3576 451 3634 eques,
476 3557 573 3614 classis
595 3557 670 3634 apud
691 3557 862 3633 praedictum
882 3573 993 3612 amnem
