<?xml version="1.0" encoding="UTF-8"?>
<!DOCTYPE html PUBLIC "-//W3C//DTD XHTML 1.0 Transitional//EN"
    "http://www.w3.org/TR/xhtml1/DTD/xhtml1-transitional.dtd">
<html xmlns="http://www.w3.org/1999/xhtml" xml:lang="en" lang="en">
 <head>
  <title>
</title>
<meta http-equiv="Content-Type" content="text/html;charset=utf-8" />
  <meta name='ocr-system' content='tesseract 3.04.00' />
  <meta name='ocr-capabilities' content='ocr_page ocr_carea ocr_par ocr_line ocrx_word'/>
</head>
<body>
  <div class='ocr_page' id='page_1' title='image "./germaniaagricol00btgoog_0204.png"; bbox 0 0 2242 3992; ppageno 0'>
   <div class='ocr_carea' id='block_1_1' title="bbox 142 354 665 414">
    <p class='ocr_par' dir='ltr' id='par_1_1' title="bbox 142 354 665 414">
     <span class='ocr_line' id='line_1_1' title="bbox 142 354 665 414; baseline 0.004 -3"><span class='ocrx_word' id='word_1_1' title='bbox 142 354 198 411; x_wconf 88' lang='lat'>116</span> <span class='ocrx_word' id='word_1_2' title='bbox 519 371 665 414; x_wconf 74' lang='lat' dir='ltr'>racanas·</span> 
     </span>
    </p>
   </div>
   <div class='ocr_carea' id='block_1_2' title="bbox 133 506 1029 900">
    <p class='ocr_par' dir='ltr' id='par_1_2' title="bbox 133 506 1029 900">
     <span class='ocr_line' id='line_1_2' title="bbox 138 506 1029 586; baseline -0.003 -19"><span class='ocrx_word' id='word_1_3' title='bbox 138 529 222 586; x_wconf 91' lang='lat' dir='ltr'>quam</span> <span class='ocrx_word' id='word_1_4' title='bbox 235 510 368 568; x_wconf 82' lang='lat' dir='ltr'>virtutem</span> <span class='ocrx_word' id='word_1_5' title='bbox 387 510 435 568; x_wconf 94' lang='lat' dir='ltr'>diu</span> <span class='ocrx_word' id='word_1_6' title='bbox 455 511 578 579; x_wconf 79' lang='lat' dir='ltr'>retinuit,</span> <span class='ocrx_word' id='word_1_7' title='bbox 593 530 657 568; x_wconf 91' lang='lat' dir='ltr'>cum</span> <span class='ocrx_word' id='word_1_8' title='bbox 676 517 783 568; x_wconf 89' lang='lat' dir='ltr'>ceteras</span> <span class='ocrx_word' id='word_1_9' title='bbox 800 515 923 572; x_wconf 79' lang='lat' dir='ltr'>exueret.</span> <span class='ocrx_word' id='word_1_10' title='bbox 963 506 1029 576; x_wconf 83' lang='lat' dir='ltr'>Pro·</span> 
     </span>
     <span class='ocr_line' id='line_1_3' title="bbox 136 614 1028 693; baseline -0.003 -21"><span class='ocrx_word' id='word_1_11' title='bbox 136 615 226 692; x_wconf 88' lang='lat' dir='ltr'>pertio</span> <span class='ocrx_word' id='word_1_12' title='bbox 246 615 339 674; x_wconf 89' lang='lat' dir='ltr'>Celeri</span> <span class='ocrx_word' id='word_1_13' title='bbox 359 617 508 693; x_wconf 90' lang='lat' dir='ltr'>praetorio,</span> <span class='ocrx_word' id='word_1_14' title='bbox 527 616 640 674; x_wconf 85' lang='lat' dir='ltr'>veniam</span> <span class='ocrx_word' id='word_1_15' title='bbox 660 614 766 674; x_wconf 85' lang='lat' dir='ltr'>ordinis</span> <span class='ocrx_word' id='word_1_16' title='bbox 784 614 820 671; x_wconf 93' lang='lat' dir='ltr'>oh</span> <span class='ocrx_word' id='word_1_17' title='bbox 842 621 1028 690; x_wconf 75' lang='lat' dir='ltr'>paupertatem</span> 
     </span>
     <span class='ocr_line' id='line_1_4' title="bbox 135 717 1025 794; baseline -0.003 -19"><span class='ocrx_word' id='word_1_18' title='bbox 135 718 248 794; x_wconf 91' lang='lat' dir='ltr'>petenti,</span> <span class='ocrx_word' id='word_1_19' title='bbox 280 719 372 777; x_wconf 92' lang='lat' dir='ltr'>decies</span> <span class='ocrx_word' id='word_1_20' title='bbox 399 720 558 777; x_wconf 79' lang='lat' dir='ltr'>sestertium</span> <span class='ocrx_word' id='word_1_21' title='bbox 585 719 704 794; x_wconf 86' lang='lat' dir='ltr'>largitus</span> <span class='ocrx_word' id='word_1_22' title='bbox 728 724 779 786; x_wconf 91' lang='lat' dir='ltr'>est,</span> <span class='ocrx_word' id='word_1_23' title='bbox 804 717 872 774; x_wconf 89' lang='lat' dir='ltr'>satis</span> <span class='ocrx_word' id='word_1_24' title='bbox 897 727 1025 793; x_wconf 91' lang='lat' dir='ltr'>conperto</span> 
     </span>
     <span class='ocr_line' id='line_1_5' title="bbox 133 819 1027 900; baseline 0 -23"><span class='ocrx_word' id='word_1_25' title='bbox 133 828 263 897; x_wconf 87' lang='lat' dir='ltr'>paternas</span> <span class='ocrx_word' id='word_1_26' title='bbox 273 822 300 879; x_wconf 91' lang='lat' dir='ltr'>ei</span> <span class='ocrx_word' id='word_1_27' title='bbox 309 824 453 900; x_wconf 85' lang='lat' dir='ltr'>angustias</span> <span class='ocrx_word' id='word_1_28' title='bbox 462 843 540 881; x_wconf 84' lang='lat' dir='ltr'>esse:</span> <span class='ocrx_word' id='word_1_29' title='bbox 553 821 716 899; x_wconf 89' lang='lat' dir='ltr'>temptantis</span> <span class='ocrx_word' id='word_1_30' title='bbox 727 819 825 877; x_wconf 85' lang='lat' dir='ltr'>eadem</span> <span class='ocrx_word' id='word_1_31' title='bbox 832 820 901 877; x_wconf 89' lang='lat' dir='ltr'>alios</span> <span class='ocrx_word' id='word_1_32' title='bbox 912 822 1027 898; x_wconf 92' lang='lat' dir='ltr'>probare</span> 
     </span>
    </p>
   </div>
   <div class='ocr_carea' id='block_1_3' title="bbox 53 926 1025 3139">
    <p class='ocr_par' dir='ltr' id='par_1_3' title="bbox 53 926 1025 3139">
     <span class='ocr_line' id='line_1_6' title="bbox 133 926 1024 1008; baseline 0.001 -26"><span class='ocrx_word' id='word_1_33' title='bbox 133 946 246 985; x_wconf 87' lang='lat' dir='ltr'>eausam</span> <span class='ocrx_word' id='word_1_34' title='bbox 266 931 374 987; x_wconf 85' lang='lat' dir='ltr'>senatui</span> <span class='ocrx_word' id='word_1_35' title='bbox 392 930 486 1007; x_wconf 89' lang='lat' dir='ltr'>jussit,</span> <span class='ocrx_word' id='word_1_36' title='bbox 507 930 636 1008; x_wconf 92' lang='lat' dir='ltr'>cupidine</span> <span class='ocrx_word' id='word_1_37' title='bbox 657 926 821 996; x_wconf 87' lang='lat' dir='ltr'>severitatis,</span> <span class='ocrx_word' id='word_1_38' title='bbox 835 928 865 985; x_wconf 91' lang='lat' dir='ltr'>in</span> <span class='ocrx_word' id='word_1_39' title='bbox 883 926 927 984; x_wconf 89' lang='lat' dir='ltr'>his</span> <span class='ocrx_word' id='word_1_40' title='bbox 944 927 1024 984; x_wconf 89' lang='lat' dir='ltr'>etiam</span> 
     </span>
     <span class='ocr_line' id='line_1_7' title="bbox 132 1035 1023 1114; baseline -0.001 -21"><span class='ocrx_word' id='word_1_41' title='bbox 132 1056 203 1113; x_wconf 89' lang='lat' dir='ltr'>quae</span> <span class='ocrx_word' id='word_1_42' title='bbox 217 1038 270 1095; x_wconf 91' lang='lat' dir='ltr'>rite</span> <span class='ocrx_word' id='word_1_43' title='bbox 283 1038 389 1095; x_wconf 87' lang='lat' dir='ltr'>faceret</span> <span class='ocrx_word' id='word_1_44' title='bbox 402 1040 538 1096; x_wconf 82' lang='lat' dir='ltr'>acerbus:</span> <span class='ocrx_word' id='word_1_45' title='bbox 558 1037 633 1094; x_wconf 92' lang='lat' dir='ltr'>unde</span> <span class='ocrx_word' id='word_1_46' title='bbox 647 1036 733 1094; x_wconf 91' lang='lat' dir='ltr'>ceteri</span> <span class='ocrx_word' id='word_1_47' title='bbox 751 1035 894 1096; x_wconf 88' lang='lat' dir='ltr'>silentium</span> <span class='ocrx_word' id='word_1_48' title='bbox 912 1044 941 1093; x_wconf 90' lang='lat' dir='ltr'>et</span> <span class='ocrx_word' id='word_1_49' title='bbox 959 1054 1023 1114; x_wconf 89' lang='lat' dir='ltr'>pau·</span> 
     </span>
     <span class='ocr_line' id='line_1_8' title="bbox 133 1142 946 1219; baseline -0.001 -21"><span class='ocrx_word' id='word_1_50' title='bbox 133 1150 269 1218; x_wconf 84' lang='lat' dir='ltr'>pertatem</span> <span class='ocrx_word' id='word_1_51' title='bbox 283 1143 451 1200; x_wconf 84' lang='lat' dir='ltr'>confessioni</span> <span class='ocrx_word' id='word_1_52' title='bbox 464 1151 493 1200; x_wconf 91' lang='lat' dir='ltr'>et</span> <span class='ocrx_word' id='word_1_53' title='bbox 505 1142 641 1200; x_wconf 91' lang='lat' dir='ltr'>beneficio</span> <span class='ocrx_word' id='word_1_54' title='bbox 654 1159 849 1219; x_wconf 84' lang='lat' dir='ltr'>praeposuere.</span> <span class='ocrx_word' id='word_1_55' title='bbox 944 1215 946 1218; x_wconf 22' lang='grc' dir='ltr'>Ι</span> 
     </span>
     <span class='ocr_line' id='line_1_9' title="bbox 179 1245 1024 1305; baseline -0.004 -2"><span class='ocrx_word' id='word_1_56' title='bbox 179 1246 318 1304; x_wconf 87' lang='lat' dir='ltr'>LXXVI.</span> <span class='ocrx_word' id='word_1_57' title='bbox 367 1247 476 1305; x_wconf 92' lang='lat' dir='ltr'>Eodem</span> <span class='ocrx_word' id='word_1_58' title='bbox 502 1267 576 1305; x_wconf 88' lang='lat' dir='ltr'>anno</span> <span class='ocrx_word' id='word_1_59' title='bbox 603 1247 741 1304; x_wconf 90' lang='lat' dir='ltr'>continuis</span> <span class='ocrx_word' id='word_1_60' title='bbox 768 1245 904 1303; x_wconf 88' lang='lat' dir='ltr'>imbribus</span> <span class='ocrx_word' id='word_1_61' title='bbox 928 1252 1024 1302; x_wconf 90' lang='lat' dir='ltr'>auctus</span> 
     </span>
     <span class='ocr_line' id='line_1_10' title="bbox 133 1354 1025 1432; baseline 0 -23"><span class='ocrx_word' id='word_1_62' title='bbox 133 1354 243 1410; x_wconf 90' lang='lat' dir='ltr'>Tiberis</span> <span class='ocrx_word' id='word_1_63' title='bbox 259 1354 342 1431; x_wconf 90' lang='lat' dir='ltr'>plana</span> <span class='ocrx_word' id='word_1_64' title='bbox 360 1356 438 1413; x_wconf 91' lang='lat' dir='ltr'>urbis</span> <span class='ocrx_word' id='word_1_65' title='bbox 456 1363 654 1432; x_wconf 75' lang='lat' dir='ltr'>stagnaveratr</span> <span class='ocrx_word' id='word_1_66' title='bbox 678 1354 850 1411; x_wconf 79' lang='lat' dir='ltr'>relabentem</span> <span class='ocrx_word' id='word_1_67' title='bbox 868 1361 966 1411; x_wconf 90' lang='lat' dir='ltr'>secuta</span> <span class='ocrx_word' id='word_1_68' title='bbox 985 1360 1025 1409; x_wconf 88' lang='lat' dir='ltr'>est</span> 
     </span>
     <span class='ocr_line' id='line_1_11' title="bbox 133 1437 1025 1539; baseline 0 -24"><span class='ocrx_word' id='word_1_69' title='bbox 133 1437 323 1518; x_wconf 88' lang='lat' dir='ltr'>aedificiorum</span> <span class='ocrx_word' id='word_1_70' title='bbox 343 1471 372 1519; x_wconf 91' lang='lat' dir='ltr'>et</span> <span class='ocrx_word' id='word_1_71' title='bbox 392 1461 537 1520; x_wconf 89' lang='lat' dir='ltr'>hominum</span> <span class='ocrx_word' id='word_1_72' title='bbox 557 1471 675 1539; x_wconf 87' lang='lat' dir='ltr'>strages.</span> <span class='ocrx_word' id='word_1_73' title='bbox 726 1461 818 1538; x_wconf 81' lang='lat' dir='ltr'>Igitur</span> <span class='ocrx_word' id='word_1_74' title='bbox 838 1461 947 1518; x_wconf 91' lang='lat' dir='ltr'>censuit</span> <span class='ocrx_word' id='word_1_75' title='bbox 962 1461 1025 1517; x_wconf 92' lang='lat' dir='ltr'>Asi·</span> 
     </span>
     <span class='ocr_line' id='line_1_12' title="bbox 132 1561 1023 1645; baseline 0.002 -25"><span class='ocrx_word' id='word_1_76' title='bbox 132 1564 195 1621; x_wconf 89' lang='lat' dir='ltr'>nius</span> <span class='ocrx_word' id='word_1_77' title='bbox 207 1561 308 1624; x_wconf 81' lang='lat' dir='ltr'>Gallus</span> <span class='ocrx_word' id='word_1_78' title='bbox 322 1578 354 1625; x_wconf 82' lang='lat' dir='ltr'>ot</span> <span class='ocrx_word' id='word_1_79' title='bbox 365 1567 431 1626; x_wconf 78' lang='lat' dir='ltr'>libri</span> <span class='ocrx_word' id='word_1_80' title='bbox 445 1568 579 1645; x_wconf 71' lang='lat' dir='ltr'>Sibyllini</span> <span class='ocrx_word' id='word_1_81' title='bbox 591 1570 761 1627; x_wconf 76' lang='lat' dir='ltr'>adirentur:</span> <span class='ocrx_word' id='word_1_82' title='bbox 777 1566 870 1643; x_wconf 87' lang='lat' dir='ltr'>renuit</span> <span class='ocrx_word' id='word_1_83' title='bbox 884 1566 1023 1633; x_wconf 84' lang='lat' dir='ltr'>Tiberius,</span> 
     </span>
     <span class='ocr_line' id='line_1_13' title="bbox 129 1671 1022 1751; baseline 0.003 -25"><span class='ocrx_word' id='word_1_84' title='bbox 129 1671 244 1747; x_wconf 89' lang='lat' dir='ltr'>perinde</span> <span class='ocrx_word' id='word_1_85' title='bbox 268 1673 361 1731; x_wconf 84' lang='lat' dir='ltr'>divina</span> <span class='ocrx_word' id='word_1_86' title='bbox 387 1673 565 1751; x_wconf 85' lang='lat' dir='ltr'>humanaque</span> <span class='ocrx_word' id='word_1_87' title='bbox 591 1677 735 1751; x_wconf 87' lang='lat' dir='ltr'>obtegens.</span> <span class='ocrx_word' id='word_1_88' title='bbox 791 1673 848 1732; x_wconf 89' lang='lat' dir='ltr'>Sed</span> <span class='ocrx_word' id='word_1_89' title='bbox 871 1673 1022 1730; x_wconf 91' lang='lat' dir='ltr'>remedium</span> 
     </span>
     <span class='ocr_line' id='line_1_14' title="bbox 108 1776 1022 1865; baseline 0.01 -35"><span class='ocrx_word' id='word_1_90' title='bbox 108 1862 109 1865; x_wconf 7' lang='grc' dir='ltr'><strong>Ἴ</strong></span> <span class='ocrx_word' id='word_1_91' title='bbox 128 1776 275 1833; x_wconf 88' lang='lat' dir='ltr'>coercendi</span> <span class='ocrx_word' id='word_1_92' title='bbox 289 1777 410 1837; x_wconf 80' lang='lat' dir='ltr'>humidis</span> <span class='ocrx_word' id='word_1_93' title='bbox 425 1782 510 1839; x_wconf 81' lang='lat' dir='ltr'>Ateio</span> <span class='ocrx_word' id='word_1_94' title='bbox 525 1783 656 1860; x_wconf 81' lang='lat' dir='ltr'>Capitoni</span> <span class='ocrx_word' id='word_1_95' title='bbox 669 1792 698 1840; x_wconf 89' lang='lat' dir='ltr'>et</span> <span class='ocrx_word' id='word_1_96' title='bbox 711 1783 747 1841; x_wconf 88' lang='lat' dir='ltr'>L.</span> <span class='ocrx_word' id='word_1_97' title='bbox 758 1783 896 1840; x_wconf 88' lang='lat' dir='ltr'>Arruntio</span> <span class='ocrx_word' id='word_1_98' title='bbox 909 1783 1022 1840; x_wconf 88' lang='lat' dir='ltr'>manda·</span> 
     </span>
     <span class='ocr_line' id='line_1_15' title="bbox 128 1883 1021 1966; baseline 0.011 -30"><span class='ocrx_word' id='word_1_99' title='bbox 128 1887 198 1937; x_wconf 92' lang='lat' dir='ltr'>tum.</span> <span class='ocrx_word' id='word_1_100' title='bbox 238 1883 376 1942; x_wconf 82' lang='lat' dir='ltr'>Achaiam</span> <span class='ocrx_word' id='word_1_101' title='bbox 389 1905 422 1943; x_wconf 91' lang='lat' dir='ltr'>ac</span> <span class='ocrx_word' id='word_1_102' title='bbox 436 1886 635 1945; x_wconf 85' lang='lat' dir='ltr'>Macedoniarn</span> <span class='ocrx_word' id='word_1_103' title='bbox 648 1907 734 1947; x_wconf 87' lang='lat' dir='ltr'>onera</span> <span class='ocrx_word' id='word_1_104' title='bbox 747 1888 921 1966; x_wconf 86' lang='lat' dir='ltr'>deprecantis</span> <span class='ocrx_word' id='word_1_105' title='bbox 934 1889 1021 1946; x_wconf 90' lang='lat' dir='ltr'>levari</span> 
     </span>
     <span class='ocr_line' id='line_1_16' title="bbox 127 1987 1021 2071; baseline 0.008 -28"><span class='ocrx_word' id='word_1_106' title='bbox 127 1987 157 2043; x_wconf 90' lang='lat' dir='ltr'>iu</span> <span class='ocrx_word' id='word_1_107' title='bbox 181 2008 312 2065; x_wconf 89' lang='lat' dir='ltr'>praesens</span> <span class='ocrx_word' id='word_1_108' title='bbox 333 1994 526 2068; x_wconf 85' lang='lat' dir='ltr'>proconsulari</span> <span class='ocrx_word' id='word_1_109' title='bbox 547 1994 663 2071; x_wconf 90' lang='lat' dir='ltr'>imperio</span> <span class='ocrx_word' id='word_1_110' title='bbox 686 1993 815 2070; x_wconf 88' lang='lat' dir='ltr'>tradique</span> <span class='ocrx_word' id='word_1_111' title='bbox 829 1993 944 2052; x_wconf 86' lang='lat' dir='ltr'>Caesari</span> <span class='ocrx_word' id='word_1_112' title='bbox 964 1992 1021 2070; x_wconf 89' lang='lat' dir='ltr'>pla-</span> 
     </span>
     <span class='ocr_line' id='line_1_17' title="bbox 127 2094 1019 2179; baseline 0.007 -29"><span class='ocrx_word' id='word_1_113' title='bbox 127 2094 194 2151; x_wconf 90' lang='lat' dir='ltr'>cuit.</span> <span class='ocrx_word' id='word_1_114' title='bbox 235 2095 359 2154; x_wconf 89' lang='lat' dir='ltr'>Edendis</span> <span class='ocrx_word' id='word_1_115' title='bbox 379 2099 589 2175; x_wconf 87' lang='lat' dir='ltr'>gladiatoribus,</span> <span class='ocrx_word' id='word_1_116' title='bbox 608 2120 678 2179; x_wconf 91' lang='lat' dir='ltr'>quos</span> <span class='ocrx_word' id='word_1_117' title='bbox 693 2100 855 2160; x_wconf 87' lang='lat' dir='ltr'>Germanici</span> <span class='ocrx_word' id='word_1_118' title='bbox 875 2099 972 2157; x_wconf 82' lang='lat' dir='ltr'>fratris</span> <span class='ocrx_word' id='word_1_119' title='bbox 989 2117 1019 2156; x_wconf 89' lang='lat' dir='ltr'>ac</span> 
     </span>
     <span class='ocr_line' id='line_1_18' title="bbox 127 2206 1019 2287; baseline 0.004 -28"><span class='ocrx_word' id='word_1_120' title='bbox 127 2223 178 2261; x_wconf 93' lang='lat' dir='ltr'>suo</span> <span class='ocrx_word' id='word_1_121' title='bbox 192 2206 304 2262; x_wconf 90' lang='lat' dir='ltr'>nomine</span> <span class='ocrx_word' id='word_1_122' title='bbox 323 2207 471 2277; x_wconf 91' lang='lat' dir='ltr'>obtulerat,</span> <span class='ocrx_word' id='word_1_123' title='bbox 490 2208 604 2267; x_wconf 91' lang='lat' dir='ltr'>Drusus</span> <span class='ocrx_word' id='word_1_124' title='bbox 622 2209 770 2287; x_wconf 88' lang='lat' dir='ltr'>praesedit,</span> <span class='ocrx_word' id='word_1_125' title='bbox 789 2227 958 2286; x_wconf 88' lang='lat' dir='ltr'>quamquam</span> <span class='ocrx_word' id='word_1_126' title='bbox 971 2206 1019 2264; x_wconf 85' lang='lat' dir='ltr'>vili</span> 
     </span>
     <span class='ocr_line' id='line_1_19' title="bbox 126 2313 1017 2397; baseline 0.002 -26"><span class='ocrx_word' id='word_1_127' title='bbox 126 2313 262 2389; x_wconf 88' lang='lat' dir='ltr'>sanguine</span> <span class='ocrx_word' id='word_1_128' title='bbox 283 2316 366 2372; x_wconf 92' lang='lat' dir='ltr'>nimis</span> <span class='ocrx_word' id='word_1_129' title='bbox 388 2317 532 2392; x_wconf 81' lang='lat' dir='ltr'>gaudens:</span> <span class='ocrx_word' id='word_1_130' title='bbox 552 2318 629 2397; x_wconf 93' lang='lat' dir='ltr'>quod</span> <span class='ocrx_word' id='word_1_131' title='bbox 649 2318 735 2395; x_wconf 85' lang='lat' dir='ltr'>vulgo</span> <span class='ocrx_word' id='word_1_132' title='bbox 755 2318 976 2386; x_wconf 82' lang='lat' dir='ltr'>formidolosum,</span> <span class='ocrx_word' id='word_1_133' title='bbox 990 2325 1017 2373; x_wconf 93' lang='lat' dir='ltr'>et</span> 
     </span>
     <span class='ocr_line' id='line_1_20' title="bbox 125 2420 1016 2499; baseline 0 -22"><span class='ocrx_word' id='word_1_134' title='bbox 125 2430 205 2498; x_wconf 89' lang='lat' dir='ltr'>pater</span> <span class='ocrx_word' id='word_1_135' title='bbox 228 2422 356 2498; x_wconf 89' lang='lat' dir='ltr'>arguisse</span> <span class='ocrx_word' id='word_1_136' title='bbox 380 2423 532 2482; x_wconf 84' lang='lat' dir='ltr'>dicebatur.</span> <span class='ocrx_word' id='word_1_137' title='bbox 587 2425 647 2483; x_wconf 85' lang='lat' dir='ltr'>Cur</span> <span class='ocrx_word' id='word_1_138' title='bbox 671 2424 837 2483; x_wconf 88' lang='lat' dir='ltr'>abstinuerit</span> <span class='ocrx_word' id='word_1_139' title='bbox 860 2420 1016 2499; x_wconf 88' lang='lat' dir='ltr'>spectaculo</span> 
     </span>
     <span class='ocr_line' id='line_1_21' title="bbox 53 2525 1017 2605; baseline 0 -23"><span class='ocrx_word' id='word_1_140' title='bbox 53 2543 56 2549; x_wconf 79' lang='grc'><strong>’</strong></span> <span class='ocrx_word' id='word_1_141' title='bbox 124 2527 193 2602; x_wconf 91' lang='lat' dir='ltr'>ipse,</span> <span class='ocrx_word' id='word_1_142' title='bbox 207 2528 284 2584; x_wconf 84' lang='lat' dir='ltr'>varie</span> <span class='ocrx_word' id='word_1_143' title='bbox 296 2527 463 2587; x_wconf 85' lang='lat' dir='ltr'>trabebant:</span> <span class='ocrx_word' id='word_1_144' title='bbox 484 2530 531 2587; x_wconf 90' lang='lat' dir='ltr'>alii</span> <span class='ocrx_word' id='word_1_145' title='bbox 548 2530 641 2587; x_wconf 91' lang='lat' dir='ltr'>taedio</span> <span class='ocrx_word' id='word_1_146' title='bbox 660 2537 764 2598; x_wconf 89' lang='lat' dir='ltr'>coetus,</span> <span class='ocrx_word' id='word_1_147' title='bbox 779 2528 891 2605; x_wconf 87' lang='lat' dir='ltr'>quidam</span> <span class='ocrx_word' id='word_1_148' title='bbox 905 2525 1017 2583; x_wconf 90' lang='lat' dir='ltr'>tristitia</span> 
     </span>
     <span class='ocr_line' id='line_1_22' title="bbox 123 2632 1016 2715; baseline -0.001 -27"><span class='ocrx_word' id='word_1_149' title='bbox 123 2633 229 2709; x_wconf 81' lang='lat' dir='ltr'>Ingenii</span> <span class='ocrx_word' id='word_1_150' title='bbox 253 2643 281 2691; x_wconf 93' lang='lat' dir='ltr'>et</span> <span class='ocrx_word' id='word_1_151' title='bbox 304 2643 382 2692; x_wconf 90' lang='lat' dir='ltr'>metu</span> <span class='ocrx_word' id='word_1_152' title='bbox 402 2637 615 2713; x_wconf 89' lang='lat' dir='ltr'>conparationis,</span> <span class='ocrx_word' id='word_1_153' title='bbox 639 2637 706 2715; x_wconf 88' lang='lat' dir='ltr'>quia</span> <span class='ocrx_word' id='word_1_154' title='bbox 729 2636 878 2712; x_wconf 87' lang='lat' dir='ltr'>Augustus</span> <span class='ocrx_word' id='word_1_155' title='bbox 902 2632 1016 2690; x_wconf 82' lang='lat' dir='ltr'>comiter</span> 
     </span>
     <span class='ocr_line' id='line_1_23' title="bbox 122 2737 1013 2798; baseline 0 -5"><span class='ocrx_word' id='word_1_156' title='bbox 122 2737 304 2797; x_wconf 83' lang='lat' dir='ltr'>interfuisset.</span> <span class='ocrx_word' id='word_1_157' title='bbox 345 2738 411 2797; x_wconf 90' lang='lat' dir='ltr'>Non</span> <span class='ocrx_word' id='word_1_158' title='bbox 425 2740 590 2797; x_wconf 88' lang='lat' dir='ltr'>crediderim</span> <span class='ocrx_word' id='word_1_159' title='bbox 610 2740 647 2798; x_wconf 88' lang='lat' dir='ltr'>ad</span> <span class='ocrx_word' id='word_1_160' title='bbox 660 2739 854 2798; x_wconf 88' lang='lat' dir='ltr'>ostentandam</span> <span class='ocrx_word' id='word_1_161' title='bbox 872 2737 1013 2796; x_wconf 88' lang='lat' dir='ltr'>saevitiam</span> 
     </span>
     <span class='ocr_line' id='line_1_24' title="bbox 122 2843 1015 2924; baseline -0.002 -24"><span class='ocrx_word' id='word_1_162' title='bbox 122 2845 330 2922; x_wconf 90' lang='lat' dir='ltr'>movendasque</span> <span class='ocrx_word' id='word_1_163' title='bbox 348 2846 443 2924; x_wconf 91' lang='lat' dir='ltr'>populi</span> <span class='ocrx_word' id='word_1_164' title='bbox 466 2846 645 2904; x_wconf 85' lang='lat' dir='ltr'>obfensiones</span> <span class='ocrx_word' id='word_1_165' title='bbox 666 2864 827 2904; x_wconf 88' lang='lat' dir='ltr'>concessam</span> <span class='ocrx_word' id='word_1_166' title='bbox 850 2843 907 2901; x_wconf 88' lang='lat' dir='ltr'>filio</span> <span class='ocrx_word' id='word_1_167' title='bbox 928 2850 1015 2899; x_wconf 88' lang='lat' dir='ltr'>mate·</span> 
     </span>
     <span class='ocr_line' id='line_1_25' title="bbox 122 2953 749 3032; baseline 0.005 -25"><span class='ocrx_word' id='word_1_168' title='bbox 122 2953 209 3009; x_wconf 86' lang='lat' dir='ltr'>riem:</span> <span class='ocrx_word' id='word_1_169' title='bbox 230 2974 399 3031; x_wconf 90' lang='lat' dir='ltr'>quamquam</span> <span class='ocrx_word' id='word_1_170' title='bbox 411 2954 441 3012; x_wconf 95' lang='lat' dir='ltr'>id</span> <span class='ocrx_word' id='word_1_171' title='bbox 454 2974 565 3032; x_wconf 91' lang='lat' dir='ltr'>quoque</span> <span class='ocrx_word' id='word_1_172' title='bbox 579 2954 683 3011; x_wconf 89' lang='lat' dir='ltr'>dictum</span> <span class='ocrx_word' id='word_1_173' title='bbox 697 2961 749 3010; x_wconf 85' lang='lat' dir='ltr'>est.</span> 
     </span>
     <span class='ocr_line' id='line_1_26' title="bbox 162 3055 1011 3139; baseline -0.002 -25"><span class='ocrx_word' id='word_1_174' title='bbox 162 3055 316 3119; x_wconf 90' lang='lat' dir='ltr'>LXXVII.</span> <span class='ocrx_word' id='word_1_175' title='bbox 356 3062 398 3120; x_wconf 92' lang='lat' dir='ltr'>At</span> <span class='ocrx_word' id='word_1_176' title='bbox 421 3062 523 3120; x_wconf 89' lang='lat' dir='ltr'>theatri</span> <span class='ocrx_word' id='word_1_177' title='bbox 543 3062 664 3131; x_wconf 88' lang='lat' dir='ltr'>licentia,</span> <span class='ocrx_word' id='word_1_178' title='bbox 683 3061 809 3139; x_wconf 85' lang='lat' dir='ltr'>proximo</span> <span class='ocrx_word' id='word_1_179' title='bbox 826 3060 919 3137; x_wconf 90' lang='lat' dir='ltr'>priore</span> <span class='ocrx_word' id='word_1_180' title='bbox 938 3075 1011 3114; x_wconf 86' lang='lat' dir='ltr'>anno</span> 
     </span>
    </p>
   </div>
   <div class='ocr_carea' id='block_1_4' title="bbox 118 3165 1010 3674">
    <p class='ocr_par' dir='ltr' id='par_1_4' title="bbox 118 3165 1010 3674">
     <span class='ocr_line' id='line_1_27' title="bbox 121 3165 1009 3248; baseline 0 -26"><span class='ocrx_word' id='word_1_181' title='bbox 121 3174 228 3241; x_wconf 84' lang='lat' dir='ltr'>coepta,</span> <span class='ocrx_word' id='word_1_182' title='bbox 248 3169 361 3244; x_wconf 81' lang='lat' dir='ltr'>gravius</span> <span class='ocrx_word' id='word_1_183' title='bbox 381 3178 441 3227; x_wconf 89' lang='lat' dir='ltr'>tum</span> <span class='ocrx_word' id='word_1_184' title='bbox 460 3172 559 3248; x_wconf 89' lang='lat' dir='ltr'>erupit,</span> <span class='ocrx_word' id='word_1_185' title='bbox 584 3171 682 3228; x_wconf 89' lang='lat' dir='ltr'>occisis</span> <span class='ocrx_word' id='word_1_186' title='bbox 706 3189 763 3227; x_wconf 92' lang='lat' dir='ltr'>non</span> <span class='ocrx_word' id='word_1_187' title='bbox 783 3168 867 3226; x_wconf 91' lang='lat' dir='ltr'>modo</span> <span class='ocrx_word' id='word_1_188' title='bbox 888 3187 903 3224; x_wconf 94' lang='lat' dir='ltr'>e</span> <span class='ocrx_word' id='word_1_189' title='bbox 921 3165 1009 3244; x_wconf 90' lang='lat' dir='ltr'>plebe,</span> 
     </span>
     <span class='ocr_line' id='line_1_28' title="bbox 120 3272 1010 3353; baseline 0.002 -25"><span class='ocrx_word' id='word_1_190' title='bbox 120 3272 170 3329; x_wconf 90' lang='lat' dir='ltr'>sed</span> <span class='ocrx_word' id='word_1_191' title='bbox 184 3273 316 3333; x_wconf 90' lang='lat' dir='ltr'>militibus</span> <span class='ocrx_word' id='word_1_192' title='bbox 331 3284 359 3334; x_wconf 92' lang='lat' dir='ltr'>et</span> <span class='ocrx_word' id='word_1_193' title='bbox 377 3280 546 3349; x_wconf 89' lang='lat' dir='ltr'>centurione,</span> <span class='ocrx_word' id='word_1_194' title='bbox 559 3280 706 3337; x_wconf 86' lang='lat' dir='ltr'>vulnerato</span> <span class='ocrx_word' id='word_1_195' title='bbox 725 3277 839 3336; x_wconf 91' lang='lat' dir='ltr'>tribuno</span> <span class='ocrx_word' id='word_1_196' title='bbox 856 3274 1010 3353; x_wconf 88' lang='lat' dir='ltr'>praetoriae</span> 
     </span>
     <span class='ocr_line' id='line_1_29' title="bbox 119 3376 1008 3460; baseline 0.007 -27"><span class='ocrx_word' id='word_1_197' title='bbox 119 3376 251 3447; x_wconf 88' lang='lat' dir='ltr'>cohortis,</span> <span class='ocrx_word' id='word_1_198' title='bbox 265 3378 333 3437; x_wconf 92' lang='lat' dir='ltr'>dum</span> <span class='ocrx_word' id='word_1_199' title='bbox 342 3382 443 3458; x_wconf 88' lang='lat' dir='ltr'>probra</span> <span class='ocrx_word' id='word_1_200' title='bbox 452 3383 483 3439; x_wconf 91' lang='lat' dir='ltr'>in</span> <span class='ocrx_word' id='word_1_201' title='bbox 492 3384 672 3460; x_wconf 87' lang='lat' dir='ltr'>magistratus</span> <span class='ocrx_word' id='word_1_202' title='bbox 683 3391 711 3441; x_wconf 92' lang='lat' dir='ltr'>et</span> <span class='ocrx_word' id='word_1_203' title='bbox 721 3382 922 3441; x_wconf 88' lang='lat' dir='ltr'>dissensionem</span> <span class='ocrx_word' id='word_1_204' title='bbox 931 3378 1008 3455; x_wconf 75' lang='lat' dir='ltr'>mrlgi</span> 
     </span>
     <span class='ocr_line' id='line_1_30' title="bbox 118 3485 1008 3569; baseline 0.004 -27"><span class='ocrx_word' id='word_1_205' title='bbox 118 3485 275 3560; x_wconf 90' lang='lat' dir='ltr'>prohibent</span> <span class='ocrx_word' id='word_1_206' title='bbox 316 3492 423 3547; x_wconf 90' lang='lat' dir='ltr'>Actum</span> <span class='ocrx_word' id='word_1_207' title='bbox 446 3491 536 3549; x_wconf 83' lang='lat' dir='ltr'>dees</span> <span class='ocrx_word' id='word_1_208' title='bbox 559 3490 693 3550; x_wconf 91' lang='lat' dir='ltr'>seditione</span> <span class='ocrx_word' id='word_1_209' title='bbox 715 3491 789 3569; x_wconf 88' lang='lat' dir='ltr'>apud</span> <span class='ocrx_word' id='word_1_210' title='bbox 809 3499 912 3569; x_wconf 89' lang='lat' dir='ltr'>patres,</span> <span class='ocrx_word' id='word_1_211' title='bbox 936 3489 1008 3547; x_wconf 88' lang='lat' dir='ltr'>dioe-</span> 
     </span>
     <span class='ocr_line' id='line_1_31' title="bbox 118 3589 1008 3674; baseline 0.008 -30"><span class='ocrx_word' id='word_1_212' title='bbox 118 3589 274 3667; x_wconf 90' lang='lat' dir='ltr'>banturque</span> <span class='ocrx_word' id='word_1_213' title='bbox 288 3593 441 3651; x_wconf 86' lang='lat' dir='ltr'>sententiae</span> <span class='ocrx_word' id='word_1_214' title='bbox 454 3604 486 3653; x_wconf 80' lang='lat' dir='ltr'>ut</span> <span class='ocrx_word' id='word_1_215' title='bbox 491 3596 667 3673; x_wconf 76' lang='lat' dir='ltr'>praetoribus</span> <span class='ocrx_word' id='word_1_216' title='bbox 675 3597 729 3674; x_wconf 79' lang='lat' dir='ltr'>jus</span> <span class='ocrx_word' id='word_1_217' title='bbox 746 3597 892 3674; x_wconf 74' lang='lat' dir='ltr'>virgarum</span> <span class='ocrx_word' id='word_1_218' title='bbox 910 3597 942 3655; x_wconf 79' lang='lat' dir='ltr'>in</span> <span class='ocrx_word' id='word_1_219' title='bbox 954 3595 1008 3653; x_wconf 76' lang='lat' dir='ltr'>aa·</span> 
     </span>
    </p>
   </div>
   <div class='ocr_carea' id='block_1_5' title="bbox 0 0 1126 3992">
    <p class='ocr_par' dir='ltr' id='par_1_5' title="bbox 0 0 1126 3992">
     <span class='ocr_line' id='line_1_32' title="bbox 0 0 1126 3992; baseline 0 5"><span class='ocrx_word' id='word_1_220' title='bbox 0 0 1126 3992; x_wconf 95' lang='lat' dir='ltr'> </span> 
     </span>
    </p>
   </div>
  </div>
 </body>
</html>
