2242 3992
431 310 616 354 crannum.
949 290 968 347 9

115 449 170 509 XI.
225 449 273 509 De
292 450 446 509 minoribus
465 451 548 511 rebus
568 450 707 528 principes
730 449 905 518 conurltant3
932 449 967 507 de

78 557 229 634 majoribus
256 575 372 614 omnes:
391 556 432 614 ita
456 564 559 625 tamen,
586 564 620 613 ut
645 575 679 613 ea
705 574 824 633 quoque,
848 570 967 633 quorum

78 680 161 745 penes
175 662 289 740 plebem
300 640 445 719 arbitrium
458 670 509 730 est,
523 661 598 738 apud
607 662 744 738 principes
754 669 966 738 pertractentur.

83 769 201 838 cosme,
214 768 269 825 nsi
289 767 358 845 qua
374 767 521 825 forrum
536 774 566 823 a
584 766 706 823 aarum
725 766 862 835 uenerit,
883 742 966 824 ..ss

80 872 185 942 diebus,
212 892 277 931 cum
303 881 352 930 aut
377 871 524 930 incohatur
551 870 626 940 luna,
653 879 702 929 aut
728 871 869 949 inpletur:
900 889 966 930 nam

76 977 193 1056 agendis
205 978 289 1036 rebus
302 977 357 1035 hoc
366 977 616 1056 auspicatissimum
625 977 735 1034 initium
745 977 870 1037 credunt.
904 976 966 1035 Nec

77 1082 190 1140 dierum
200 1101 354 1152 numerum,
366 1089 399 1139 ut
412 1101 473 1151 nos,
495 1078 545 1138 sed
562 1081 686 1138 noctium
706 1081 876 1159 computant.
918 1081 965 1140 Sic

76 1186 261 1256 constituunt,
274 1188 312 1246 sic
325 1187 492 1256 condicunt;
503 1205 560 1244 nox
574 1186 676 1244 ducere
686 1185 760 1244 diem
767 1186 887 1245 ridetur.
927 1186 966 1244 Il·

75 1280 133 1353 ]ud
144 1311 178 1349 ex
192 1291 315 1349 libertate
328 1292 436 1360 vitium,
450 1290 526 1369 quod
538 1310 596 1349 non
606 1291 689 1349 simul
701 1310 754 1349 nec
766 1300 798 1349 ut
815 1293 888 1369 jussi
900 1311 966 1350 con·

76 1395 202 1472 seruiunt,
217 1395 266 1454 sed
278 1404 312 1453 et
320 1395 392 1453 altar
404 1404 433 1466 et
445 1395 544 1453 tertius
555 1395 614 1452 dies
625 1396 800 1453 cunctatione
808 1397 967 1454 coeuntium

78 1500 241 1561 absumitur.
281 1500 324 1559 Ut
336 1500 435 1558 turbae
444 1499 557 1578 placuit,
568 1501 716 1558 considunt
728 1502 837 1585 armati.
878 1502 968 1561 Silen-

79 1607 150 1664 tium
172 1624 222 1683 per
242 1605 409 1674 sacerdotes,
432 1606 533 1683 quibus
553 1615 614 1664 tum
634 1615 663 1664 et
683 1607 830 1666 coercendi
847 1609 894 1684 jus
915 1618 966 1678 est,

73 1713 239 1803 qimperatur.
291 1710 363 1768 Mox
376 1728 426 1768 rex
443 1710 490 1768 vel
502 1712 641 1790 princeps,
660 1720 743 1790 prout
763 1722 839 1771 aetas
860 1715 968 1792 cuique,

73 1816 163 1897 {prout
175 1817 313 1886 nobilitas,
327 1823 410 1893 prout
424 1801 508 1874 decus
521 1816 667 1884 bellorum,
678 1824 761 1893 prout
772 1815 904 1874 facundia
916 1826 968 1886 est,

75 1923 238 1993 audiuntur,
257 1918 421 1979 auctoritate
435 1921 569 1978 suadendi
581 1921 671 1998 magis
691 1939 775 1998 qnam
789 1920 907 1996 jubendi
919 1941 969 1999 po·

73 2034 190 2085 testate.
232 2027 262 2085 si
283 2025 423 2103 displiciut
443 2027 589 2097 sententia,
610 2027 726 2084 fremitu
748 2026 969 2103 adspernantur3

70 2132 124 2191 lsiu
142 2133 254 2211 placuit,
280 2131 402 2195 frameas
422 2134 592 2191 concutiunt.
646 2132 903 2191 Honoratissimum
921 2118 981 2191 ad?

48 2210 177 2317 2igsensus
191 2257 280 2316 genus
294 2246 346 2307 est,
359 2238 444 2299 nans
457 2237 581 2295 laudare.

38 2320 74 2435 ’ἔ
118 2343 190 2402 XII.
229 2342 310 2401 Licet
323 2342 398 2420 apud
410 2342 556 2400 consilium
570 2341 969 2421 adcusarequoqueetdiscri-

48 2432 64 2485 :¹5
77 2468 149 2507 men
161 2449 257 2524 rapitis
272 2447 426 2505 intendere.
467 2446 619 2505 Distinctio
636 2467 789 2524 poenarum
806 2469 840 2506 ex
859 2449 970 2508 delicto.

62 2546 247 2614 'Proditores
261 2553 459 2630 ottransfugas
478 2554 623 2611 arboribus
643 2554 832 2632 suspendunt:
852 2556 969 2632 ignavos

77 2668 106 2717 et
123 2657 245 2717 inbelles
262 2667 290 2717 et
309 2677 425 2736 corpore
445 2658 564 2716 infames
585 2678 671 2716 coeno
685 2679 718 2716 ac
738 2659 847 2736 palude,
866 2661 969 2737 injecta

58 2763 62 2808 ¹.
79 2764 194 2842 iusuper
207 2772 291 2834 crate,
310 2772 452 2841 mergrmt.
493 2763 650 2822 Diversitas
664 2764 790 2842 subplicii
803 2764 869 2822 illuc
882 2766 969 2843 respi-

58 2870 123 2938 tcit,
144 2878 289 2947 tamquam
309 2870 416 2928 seelera
434 2784 543 2929 ostbndi
565 2877 699 2947 oporteat,
719 2868 785 2926 dnm
806 2871 967 2947 puniuntur,

59 2973 186 3051 ‘flagitia
208 2975 350 3032 absoendi.
402 2974 458 3033 Sed
476 2983 505 3033 et
524 2974 675 3032 levioribus
692 2973 799 3031 delictis
821 2993 872 3051 pro
885 2975 969 3032 modo

57 3087 178 3157 poena.
238 3079 386 3156 Equorum
409 3099 596 3158 pecorumque
616 3098 733 3137 numero
757 3079 876 3137 convicti
897 3081 970 3138 mul·

54 3190 183 3242 tantur.
234 3183 305 3241 Pars
333 3185 438 3269 Q
464 3185 525 3262 regi
548 3184 594 3241 v'el
614 3184 727 3253 civitati,
751 3203 815 3261 pars
839 3185 893 3262 ipsi
921 3186 970 3261 qui
1018 3172 1019 3175 ¹

58 3288 236 3346 'vindicatur
248 3288 295 3346 vel
307 3290 469 3368 propinquis
490 3291 550 3366 ejus
570 3289 731 3347 exsolvitur.
772 3289 923 3367 Eligrmtur
940 3290 968 3346 in

73 3391 175 3451 iisdem
193 3392 318 3450 conciliis
332 3401 360 3450 et
373 3394 520 3473 principes,
539 3394 588 3471 qui
598 3393 664 3470 jura
676 3411 726 3470 per
738 3412 824 3470 pagos
838 3394 969 3469 vicosque
