2242 3992
138 358 141 362 '
161 350 201 409 40
551 366 697 409 racrrus.

109 496 116 505 ’
160 504 267 563 tardius
285 503 436 580 inpellitur.
470 503 609 562 Naturam
630 505 726 563 oceani
746 514 830 582 atque
850 513 944 564 aestus
965 525 1053 584 neque

160 614 294 688 quaerere
307 609 391 686 hujus
406 609 496 686 operis
513 618 565 678 est,
579 630 613 667 ao
629 609 711 667 multi
729 610 881 669 rettulere:
901 629 990 669 unum
1009 612 1054 669 ad·

160 711 295 770 diderim:
316 734 454 790 nusquam
471 714 554 772 latius
576 714 712 775 dominari
731 735 817 784 mare,
829 716 949 774 multum
964 717 1053 774 flumi-

136 845 137 848 ¹
158 835 227 873 nuru
247 817 303 875 buc
322 827 407 895 atque
426 819 493 876 illuc
513 820 668 889 ferre‚(nec
689 821 770 878 litore
789 829 874 881 tenus
893 821 1052 881 adcrescere

158 931 206 978 aut
220 925 366 993 resorberi,
375 925 431 982 'sed
443 925 562 982 influere
575 925 686 1001 penitus
700 933 783 1001 atque
802 926 917 995 ambire,
931 935 961 983 et
975 927 1051 1003 jugis

157 1028 241 1085 etiam
255 1038 338 1105 atque
351 1031 493 1088 montibus
507 1030 593 1087 inseri
606 1030 684 1088 velut
697 1031 726 1087 iu
740 1050 801 1087 suo.

197 1132 250 1191 XI.
292 1135 425 1194 Ceterum
448 1134 625 1193 Britanniam
648 1136 696 1213 qui
719 1137 851 1193 mortales
875 1137 955 1194 initio
976 1136 1051 1194 colu·

154 1240 236 1308 erint,
261 1240 408 1317 indigenae
431 1259 468 1297 an
492 1239 609 1310 advecti,
634 1248 666 1297 ut
688 1242 762 1299 inter
784 1243 927 1311 barbaros,
951 1261 1049 1320 parum

155 1353 335 1422 compertum.
376 1345 499 1402 Habitus
519 1365 666 1423 corporum
684 1348 773 1404 varii:
794 1356 877 1424 atque
896 1367 931 1404 ex
952 1367 986 1404 eo
1008 1367 1049 1405 ar·

153 1457 305 1524 gumenta:
325 1468 445 1526 namque
469 1438 570 1508 rutilae
595 1450 775 1509 Caledoniam
797 1450 983 1511 habitantium
1005 1470 1048 1508 co·

153 1573 224 1622 mae,
255 1556 351 1631 magni
377 1564 464 1625 artus,
492 1556 691 1615 Germanicam
719 1556 856 1632 originem
882 1555 1047 1613 adseverant

154 1659 277 1721 Silurum
302 1661 418 1719 colorati
441 1662 535 1719 vultus
558 1671 587 1719 et
609 1663 677 1739 terti
700 1662 864 1740 plerumque
891 1661 992 1729 crines,
1020 1670 1046 1718 et

152 1768 243 1843 posita
262 1776 358 1826 contra
375 1767 522 1844 Hispania,
536 1767 634 1824 lberos
653 1775 761 1824 veteres
780 1766 924 1841 trajecisse
943 1784 1045 1842 easque

152 1874 232 1935 sedes
247 1893 405 1955 occupasse,
416 1872 500 1930 fidem
510 1872 627 1930 faciunt.
656 1871 781 1930 Proximi
792 1871 883 1931 Gallis
898 1880 926 1928 et
940 1871 1042 1933 similer

152 1988 225 2049 sunt,
253 2000 303 2038 seu
331 1980 448 2037 durante
475 1979 591 2055 originis
618 1979 656 2046 vi,
684 1998 735 2036 seu
760 1978 988 2054 procurrentibus
1015 1977 1043 2033 in

151 2086 261 2143 diversa
279 2086 362 2143 terris
379 2086 481 2162 positio
500 2084 569 2143 caeli
583 2084 745 2161 corporibus
758 2084 885 2142 habiturn
899 2083 994 2140 dedit:
1015 2083 1043 2139 in

150 2192 312 2248 uuiversum
331 2199 426 2247 tamen
445 2189 612 2258 aestimanti,
627 2189 726 2248 Gallos
744 2189 866 2246 vicinum
887 2187 978 2245 solum
998 2207 1044 2244 oc·

151 2314 276 2370 cupasse,
288 2294 419 2351 credibile
432 2302 484 2351 est.
526 2293 634 2355 Eorum
648 2314 727 2352 sacra
741 2293 933 2370 deprehendas
947 2311 1043 2370 super·

150 2398 294 2457 stitiouum
307 2398 505 2474 persuasione:
525 2418 617 2459 sermo
635 2398 712 2456 haud
727 2399 845 2456 multum
864 2398 1001 2467 diversus,
1015 2397 1044 2453 in

150 2502 331 2580 deposcendis
354 2503 485 2581 periculis
505 2503 603 2561 eadem
623 2504 747 2573 audacia
771 2512 808 2574 et,
828 2504 877 2560 ubi
897 2504 1043 2569 advenere,

149 2609 178 2665 iu
207 2608 392 2667 detrectandis
420 2609 517 2666 eadem
543 2609 683 2667 formido:
714 2610 777 2686 plus
803 2618 898 2671 tamen
923 2610 1044 2667 ferociae

150 2715 279 2774 Britanni
300 2715 471 2791 praeferunt,
491 2723 523 2772 ut
543 2734 614 2791 quos
634 2713 758 2771 nondum
778 2714 863 2790 longa
882 2733 937 2791 par
956 2713 1044 2770 emol-

149 2820 231 2878 lierit.
266 2817 342 2877 Nam
356 2819 455 2878 Gallos
470 2838 582 2895 quoque
592 2819 621 2875 in
631 2819 713 2876 bonis
727 2819 855 2877 floruisse
868 2819 1042 2896 accepimus:

73 2965 77 2976 ·
149 2945 214 2983 mox
228 2926 346 3001 segnitia
364 2945 428 2982 cum
446 2924 503 2981 otio
520 2923 644 2991 intrarit,
658 2924 760 2980 amissa
772 2922 877 2980 virtute
889 2925 992 3000 pariter
1010 2943 1046 2980 ac

149 3031 286 3087 libertate.
323 3028 407 3093 Quod
421 3028 622 3087 Britannorum
643 3028 710 3085 olim
723 3029 805 3086 victis
825 3030 937 3098 evenit;
957 3031 1044 3086 ceteri
1106 3024 1107 3035 ¹

150 3144 264 3193 manent
277 3134 373 3210 quales
388 3133 465 3193 Galli
478 3133 603 3191 fuerunt.
1106 3208 1107 3213 ἵ

191 3238 260 3296 XII.
301 3238 336 3295 ln
356 3238 448 3315 pedite
467 3240 572 3296 robur:
597 3238 733 3314 quaedam
757 3240 883 3298 nationes
907 3249 937 3299 et
958 3259 1046 3298 curru
1106 3222 1107 3229 ἵ

149 3344 340 3422 proeliantur:
374 3343 517 3400 honestior
551 3344 657 3420 auriga
693 3344 808 3401 clientes
841 3355 1045 3422 propugnante

151 3451 218 3508 olim
241 3449 353 3525 regibus
380 3449 524 3526 parebant,
545 3469 621 3506 nunc
644 3439 698 3526 per¹
715 3451 854 3528 principes
874 3451 1044 3510 factionibus

149 3562 179 3610 et
200 3552 298 3611 studiis
322 3551 491 3611 trahuntur:
521 3572 574 3611 nec
597 3553 673 3612 aliud
699 3555 833 3612 adversus
856 3556 1043 3617 validissimas
1106 3574 1107 3577 ’
