2242 3992
420 392 606 435 curnam.
919 368 956 424 21

19 586 21 617 ᾗ
82 527 161 586 odium
179 532 240 599 sui3
267 532 378 609 quando
404 534 569 610 urgentibus
596 533 704 610 imperii
719 531 878 601 fatis,nihil
898 533 959 609 jam

19 636 21 739 ζ
81 645 205 710 praestare
231 638 346 697 fortuna
377 640 468 716 majus
499 650 600 718 potest,
632 660 715 717 quam
749 639 872 696 bostium
903 638 959 695 dis-

19 744 21 787 t
81 740 196 799 cordiam.

19 856 20 859 ’
83 844 244 905 XXXIV.
285 849 471 927 Angrivarios
495 859 524 908 et
541 850 700 909 Chamavos
721 858 836 925 atergo
857 848 957 925 Dul'gi·

79 949 126 1007 bini
137 956 165 1010 'et
179 953 317 1012 Chasuari
341 955 457 1013 cludufl
477 956 603 1033 aliaeque
625 964 732 1032 gentes,
754 954 831 1012 haud
843 954 958 1031 perinde

19 1050 21 1107 1
78 1067 241 1117 memoratae.
283 1060 419 1118 Afronte
438 1061 521 1119 Frisii
534 1062 684 1138 excipiunt.
724 1061 883 1138 Manuos
902 1062 959 1118 mi-

19 1172 21 1245 ,
79 1163 228 1241 tribuque
256 1164 365 1223 Frisiis
395 1166 565 1223 vocabulum
596 1175 639 1224 est
670 1186 705 1224 er
733 1165 817 1223 modo
833 1165 958 1223 sirium.

19 1300 21 1341 ;
80 1265 211 1347 Utraeque
228 1273 356 1330 nationes
375 1292 465 1350 usque
478 1273 515 1331 ad
528 1293 663 1330 oceanum
677 1272 779 1330 Rheno
792 1281 958 1349 praetexun-

19 1360 20 1445 f
78 1380 124 1442 tur,
143 1377 325 1454 ambiuntque
349 1379 490 1435 inmensos
515 1379 630 1456 insuper
654 1378 732 1436 lacus
760 1386 789 1435 et
823 1376 958 1434 Romanis

19 1522 21 1557 2
78 1477 197 1538 classibus
220 1483 378 1558 navigatus.
426 1484 533 1561 'Ipsum
557 1485 625 1560 quin
647 1485 731 1541 etiarn
753 1503 888 1541 oceanum
910 1481 960 1540 illa

77 1588 251 1647 tentavimus:
273 1598 300 1646 et
314 1609 459 1667 superesse
473 1590 564 1648 adhuc
579 1590 712 1647 Herculis
726 1590 870 1648 columnas
882 1588 959 1646 fama

78 1691 196 1767 vulgavit,
211 1695 273 1752 sive
293 1695 360 1753 adiit
379 1695 527 1764 Hercules,
542 1696 750 1774 seu,‘quidquid
761 1696 864 1772 ubique
882 1703 961 1771 mag'·

19 1808 21 1881 ξ
77 1798 176 1858 nificum
189 1811 243 1871 est,
257 1803 287 1858 in
301 1802 455 1860 claritatem
468 1805 529 1879 ejus
540 1804 647 1861 referre
657 1803 857 1861 consensimus.
897 1801 960 1859 Nec

19 1884 20 1941 i
78 1900 153 1963 defirit
170 1906 304 1964 audentia
324 1906 420 1965 Druso
439 1907 626 1966 Germanico:
647 1907 697 1964 sed
712 1907 821 1964 obstitit
839 1924 959 1963 oceanus

19 2004 20 2045 i
78 2005 234 2068 insesimul
248 2019 332 2088 atque
345 2013 375 2067 in
389 2012 544 2070 Herculem
559 2013 672 2090 inquiri.
713 2011 784 2068 Mox
802 2030 884 2068 nemo
898 2019 960 2068 teu·
1039 1988 1041 1993 Ι

19 2114 20 2187 t
77 2114 151 2183 tarit;
169 2116 349 2194 sanctiusque
373 2136 405 2174 ac
432 2118 605 2174 reverentius
626 2117 719 2174 visum
745 2116 780 2173 de
803 2116 872 2174 actis
893 2115 958 2172 deo·

19 2202 21 2263 f
77 2222 256 2279 mmcredere
270 2242 354 2299 quam
368 2223 448 2280 scire.

108 2325 230 2386 XXXV.
271 2328 417 2386 Hactenus
435 2330 468 2386 -in
493 2329 677 2387 Occidentem
699 2329 881 2388 Germaniam
908 2349 959 2387 no·

76 2430 163 2497 vimus.
204 2433 240 2490 In
257 2431 489 2511 Septemtrionem
507 2435 614 2510 ingenti
632 2434 707 2491 flexu
720 2436 801 2492 redit.
843 2435 888 2492 Ac
902 2436 959 2512 pri·

76 2551 113 2592 mo
126 2539 219 2596 statim
234 2538 393 2597 Caucorum
405 2558 484 2614 gens,
499 2557 668 2614 quamquam
685 2538 799 2615 incipiat
819 2558 837 2594 a
851 2538 958 2605 Frisiis,

74 2659 103 2699 ac
117 2653 224 2721 partem
244 2645 334 2702 litoris
356 2626 481 2722 occupet,
504 2646 637 2713 omnium,
658 2664 727 2721 quas
744 2643 866 2721 exposui,
890 2662 959 2717 gen·

75 2746 135 2805 tium
147 2750 282 2808 lateribus
297 2749 464 2818 obtenditur,
478 2748 567 2806 donec
576 2749 606 2804 in
618 2748 715 2807 Cattos
726 2765 814 2824 usque
825 2746 960 2823 sinuetur.

77 2848 139 2911 Tam
165 2857 324 2913 inmensum
343 2863 484 2913 terrarum
511 2855 631 2933 spatium
651 2873 712 2910 non
731 2860 828 2909 tenent
851 2859 960 2909 tantum

76 2958 163 3031 Cauci,
180 2962 231 3019 sed
250 2962 283 3019 et'
292 2961 409 3039 inplent,
431 2961 550 3038 populus
569 2960 642 3017 inter
664 2958 823 3017 Germanos
844 2957 959 3015 nobilis·
1019 2962 1021 2964 ’

74 3065 162 3137 simus,
186 3069 290 3145 quique
311 3067 531 3144 magnitudinem
554 3085 633 3122 suam
650 3064 729 3122 malit
742 3063 852 3139 justitia
868 3064 959 3121 tueri:

19 3212 20 3255 ,
77 3170 128 3229 sine
147 3173 306 3251 cupiditate,
325 3173 385 3229 sine
403 3171 566 3249 inpotentia,
595 3170 682 3248 quieti
700 3170 863 3245 secretique,
882 3168 961 3225 nulla

19 3258 21 3353 i
76 3287 219 3350 provocant
232 3277 314 3346 bella,
335 3277 420 3335 nullis
440 3276 566 3353 raptibus
590 3283 638 3333 aut
659 3274 811 3332 latrociniis
825 3274 960 3350 populun·

75 3385 136 3440 tur:
159 3382 243 3460 idque
261 3382 440 3459 praecipuum
458 3381 569 3438 virtutis
593 3399 626 3436 ac
643 3379 744 3436 virium
764 3387 960 3453 argumentum

76 3494 120 3555 est,
143 3487 228 3564 quod,
251 3496 283 3544 ut
304 3487 459 3565 superiores
480 3494 574 3563 agant,
598 3503 655 3541 non
676 3502 727 3560 per
740 3481 857 3556 injurias
879 3481 959 3539 adse-
1032 3488 1033 3491 ’

76 3601 201 3668 quuntur.
252 3594 385 3671 Prompte
412 3601 506 3650 tamen
534 3592 662 3649 omnibus
686 3608 771 3654 arma,
801 3605 842 3654 ac,
867 3586 891 3641 si
914 3603 959 3640 res
