2242 3992
162 337 202 395 88
539 350 686 393 racsrus.

161 490 358 567 quintanisque
375 490 464 561 initio,
478 499 507 549 et
523 491 621 549 tractis
639 489 730 567 prima
747 507 858 566 quoque
876 505 909 559 ac
925 484 1053 561 vicesima
1112 518 1113 535 ι

161 594 334 683 legionibus3
347 614 413 653 narn
426 596 525 653 iisdem
539 593 652 653 aestivis
666 592 695 649 in
709 591 811 648 finibus
821 588 1053 659 Ubiorumhabe
1112 606 1113 621 ¹

160 698 263 754 buntur
285 716 335 774 per
359 698 447 755 otium
470 705 518 756 ant
537 697 611 754 levia
630 697 735 755 munia.
775 694 876 772 Igitur,
890 694 987 751 audito
1002 693 1052 750 fine

161 802 294 879 Augusti,
318 803 469 861 vernacula
490 802 650 871 multitudo,
673 820 763 879 nuper
786 808 848 857 acto
868 800 898 856 in
919 799 990 856 urbe
1010 797 1053 861 der

160 907 243 978 lectu,
257 908 388 966 lasciviae
411 916 499 978 sueta,
513 908 641 966 laborum
659 905 821 980 intolerans,
834 903 970 982 inpellere
984 910 1052 961 cete·

159 1031 255 1070 rorum
269 1013 353 1070 rudes
366 1014 493 1072 animose
513 1014 619 1071 eeuisee
632 1022 749 1088 tempus,
762 1031 815 1087 que
828 1011 954 1067 ceuceu
966 1017 1053 1066 mata·

158 1139 224 1177 rom
237 1121 406 1190 missionem,
412 1123 532 1198 juvenes
542 1120 665 1197 largiora
677 1118 826 1193 stipendia,
841 1117 934 1174 cuucti
943 1116 1052 1172 modum

157 1225 340 1284 miseriarum
358 1234 536 1303 exposcerent,
560 1225 759 1300 saevitiamque
776 1222 971 1280 centurionum
988 1219 1052 1278 ulci-

159 1339 306 1389 scerentur.
348 1330 414 1388 Non
428 1350 501 1388 unus
519 1329 599 1397 haec,
611 1336 644 1387 ut
655 1328 830 1387 Pannonicas
844 1328 918 1385 inter
930 1325 1050 1402 legiones

160 1433 340 1504 Peroennius,
354 1454 407 1492 nec
420 1435 494 1513 apud
511 1434 635 1513 trepidas
654 1434 776 1491 militum
796 1452 878 1507 aures
898 1431 968 1489 alios
986 1430 1050 1489 vali·

159 1538 251 1596 diores
273 1540 411 1598 exercitus
431 1541 648 1618 respicientium,
664 1540 714 1597 sed
732 1540 821 1597 multa
842 1538 985 1596 seditionis
1004 1556 1051 1599 ora
1112 1590 1113 1593 ,

157 1663 313 1723 vocesquez
333 1665 387 1703 cua
399 1647 431 1704 e'u
445 1665 535 1704 mauu
547 1648 632 1704 eitum
644 1666 705 1704 rem
719 1646 905 1708 Romanum
926 1644 986 1702 eutr
998 1644 1050 1700 vic·
1112 1674 1113 1729 ἶ

156 1751 234 1807 tortia
247 1751 346 1828 augeri
365 1769 426 1808 rem
439 1749 585 1827 publicum
595 1774 608 1820 3
631 1752 664 1809 iu
683 1770 768 1808 suum
785 1758 991 1827 cognomentum
1003 1748 1050 1806 ad·

156 1855 237 1912 auam
249 1857 438 1931 imperotores.

147 1996 157 2048 '.
198 1958 325 2021 XXXII.
367 1961 429 2019 Nee
450 1961 560 2039 legatus
584 1961 696 2020 obviam
716 1961 791 2018 dut:
812 1960 915 2038 quippe
932 1958 1048 2037 plurium

155 2066 286 2124 vecordia
304 2067 490 2125 constantiam
508 2075 659 2125 exemerat.
699 2065 828 2142 Repente
847 2063 984 2143 lymphati
1005 2064 1048 2120 de·
1112 2070 1113 2125 l

155 2172 258 2228 strictis
277 2172 379 2248 gladiis
397 2173 427 2229 in
448 2173 624 2230 centuriones
643 2171 798 2229 invadunt:
819 2190 853 2228 ea
865 2170 1049 2229 vetustissima
1112 2212 1113 2227 2

154 2276 321 2335 militaribus
336 2278 407 2334 odiis
420 2278 560 2347 materies,
575 2287 603 2335 et
617 2277 759 2335 saeviendi
772 2277 949 2355 principium.
982 2275 1049 2334 Pro·

154 2390 260 2460 stratos
274 2384 437 2440 verberibus
450 2382 583 2452 mulcant,
604 2382 735 2459 sexageni
754 2382 889 2459 singulos,
907 2390 939 2439 ut
956 2398 1049 2439 nume·

153 2508 217 2546 rum
240 2489 435 2546 centurionum
457 2474 655 2566 adaequarent.
696 2488 772 2545 Tum
794 2487 942 2545 convulsos
966 2486 1048 2542 lania·
1112 2472 1113 2543 J

152 2600 252 2668 tosque
275 2600 302 2647 et
323 2591 425 2667 partim
446 2592 589 2648 exanimos
610 2600 676 2649 ante
693 2592 799 2650 vallum
823 2592 920 2649 autin
942 2609 1048 2655 ornnem

154 2696 288 2755 Rhenum
302 2696 463 2774 projiciunt.
505 2695 656 2773 Septimius
676 2717 741 2754 cum
761 2696 931 2774 perfugisset
947 2695 984 2754 ad
1001 2695 1048 2752 tri-

152 2802 247 2871 bunal,
261 2802 435 2880 pedibusque
450 2801 589 2861 Caecinae
602 2799 807 2870 advolveretur,
821 2821 855 2858 eo
869 2821 958 2879 usque
972 2799 1048 2876 flagi-

153 2914 228 2963 tatus
249 2915 292 2963 est
313 2906 402 2964 donec
416 2906 453 2963 ad
466 2906 582 2964 exitium
596 2904 754 2963 dederetur.
795 2905 910 2964 Cassius
926 2904 1048 2964 Chaerea

153 3029 219 3067 mox
233 3010 316 3068 caede
332 3011 366 3071 C.
376 3011 505 3071 Caesaris
519 3000 683 3068 memoriam
697 3011 771 3089 apud
783 3019 911 3090 posteros
925 3011 1047 3089 adeptus,

152 3123 212 3170 tum
237 3113 399 3173 adolescens
422 3123 451 3173 et
474 3116 560 3172 animi
584 3116 673 3186 ferox,
694 3110 768 3174 inter
790 3117 933 3174 obstantes
954 3125 983 3173 et
1004 3132 1046 3172 ar·

152 3227 244 3276 matos
267 3219 344 3277 ferro
367 3221 441 3277 viam
464 3221 606 3298 patefecit.
655 3220 722 3278 Non
741 3222 871 3278 tribunus
892 3221 974 3290 ultra,
993 3237 1046 3279 nou

155 3331 310 3384 aestrorum
323 3325 481 3402 praefectus
496 3325 544 3402 jus
564 3326 702 3385 obtinuit:
722 3326 842 3403 vigilias,
861 3326 1002 3393 stationes,
1018 3330 1046 3383 et

154 3430 177 3488 si
202 3449 257 3507 qua
280 3411 335 3486 alia
357 3449 489 3508 praesens
512 3450 581 3489 usus
604 3432 751 3502 indixerat,
772 3433 826 3510 ipsi
849 3432 1044 3509 partiebantur.

154 3534 198 3606 ld,
222 3536 357 3595 militares
380 3536 487 3595 animos
511 3537 595 3595 altius
619 3537 849 3616 conjectantibus,
870 3537 1045 3616 praecipuum
