2242 3992
135 287 177 345 20
517 300 663 342 racrrns.

135 440 179 497 vis
201 447 231 497 et
253 439 402 498 inbellibus
426 448 520 533 manet
542 439 663 517 squalor.
715 436 894 496 Fortissimus
916 439 1035 516 quisque

133 537 259 601 ferreum
272 545 387 621 insuper
400 546 534 603 annulum
549 544 782 627 (ignominiosum
798 544 828 600 id
845 542 938 619 genti)
954 544 1035 602 velut

136 648 278 705 vinculum
291 657 391 724 gestat,
414 649 502 707 donec
516 669 545 706 se
560 649 645 707 caede
657 648 747 705 hostis
760 648 896 706 absolvat.
937 646 1032 705 Pluria

135 758 189 814 mis
205 757 352 816 Cattorum
366 758 412 816 hic
425 759 517 836 placet
529 759 651 816 habitus.
690 758 811 835 Jamque
825 765 927 814 canent
945 757 1033 831 insig÷

135 888 195 939 nes,
209 878 238 925 et
250 867 378 925 hostibus
393 867 475 924 simul
490 868 603 943 suisque
613 867 779 925 monstrati:
800 868 925 924 omnium
944 885 1031 943 penes

135 972 190 1029 hos
215 972 294 1029 initia
317 990 493 1050 pugnarum3
515 971 586 1028 haec
612 972 703 1048 prima
729 990 838 1047 semper
864 972 938 1028 acies
966 972 1030 1028 visu

135 1097 217 1136 nova
258 1078 332 1136 Nam
345 1098 382 1135 ne
395 1080 424 1135 in
442 1098 511 1156 pace
529 1077 644 1155 quidem
659 1077 739 1134 vultu
757 1078 867 1134 mitiore
887 1096 1033 1134 mansues,

136 1192 212 1241 cunt.
253 1182 332 1240 Nulli
356 1182 463 1251 domus,
486 1192 534 1240 aut
557 1202 633 1258 ager,
655 1191 704 1239 aut
727 1181 821 1259 aliqua
843 1200 927 1238 cura:
947 1190 1033 1258 prout

135 1290 172 1348 ad
193 1311 332 1368 quemque
352 1310 463 1358 venere,
484 1291 616 1348 aluntur:
644 1290 754 1367 prodigi
774 1290 866 1357 alieni,
886 1297 1031 1366 contemp·

134 1408 210 1456 tores
231 1399 290 1466 sui;
310 1398 398 1455 donec
419 1399 567 1474 exsanguis
592 1406 720 1454 senectus
743 1405 802 1455 tam
825 1394 1030 1454 durae'virtuti

136 1504 247 1581 inpares
261 1504 354 1562 faciat.

177 1609 303 1668 XXXII.
344 1610 469 1668 Proximi
483 1611 574 1670 Cattis
592 1618 699 1667 certum
709 1611 770 1686 jam
786 1609 866 1667 alveo
881 1609 1024 1678 Rhenum,

135 1717 238 1794 quique
252 1718 387 1774 terminus
402 1737 464 1775 esse
478 1701 606 1785 sufficiat,
622 1717 714 1794 Usipii
728 1736 761 1774 ac
776 1717 908 1775 Tencteri
923 1717 1029 1775 colunt.

136 1823 277 1891 Tencteri,
296 1842 379 1901 super
402 1823 515 1881 solitum
535 1822 674 1880 bellorum
697 1823 792 1891 decus,
814 1824 951 1900 equestris
974 1823 1029 1880 dis·

135 1926 252 2004 ciplinae
276 1936 335 1985 arte
359 1928 549 2004 praecellunt3
573 1947 625 1985 nec
649 1928 740 2004 major
763 1928 838 2005 apud
860 1928 959 1987 Cattos
981 1947 1028 2005 pe·

136 2035 225 2092 ditum
246 2036 316 2105 laus,
338 2056 422 2113 quam
450 2036 598 2093 Tencteris
625 2035 761 2111 equiturn.
815 2032 862 2091 Sic
883 2033 1028 2090 instituere

135 2143 264 2218 majores,
286 2141 391 2216 posteri
414 2140 567 2197 imitantur.
614 2138 655 2196 Hi
678 2139 756 2196 lusus
778 2139 936 2207 infantium,
959 2137 1028 2195 haec

133 2246 269 2321 juvenum
285 2243 450 2312 aemulatio;
469 2252 650 2321 perseverant
668 2264 758 2302 senes.
798 2244 877 2302 Inter
892 2244 1027 2301 familiam

137 2357 166 2405 et
178 2358 293 2425 penates
307 2356 335 2404 et
348 2348 414 2423 jura
428 2349 635 2405 successionum
653 2351 717 2426 equi
739 2349 907 2417 traduntur;
928 2349 1028 2426 excipit

136 2455 219 2522 filius,
241 2474 306 2521 non,
330 2463 362 2511 ut
386 2463 486 2523 cetero,
510 2457 648 2514 maximus
670 2466 746 2526 natu,
771 2457 821 2514 sed
842 2466 926 2534 prout
948 2456 1027 2515 ferox

137 2565 211 2622 bello
225 2573 254 2622 et
266 2563 375 2620 melior.

178 2669 321 2729 XXXIII.
362 2669 450 2729 Juxta
471 2671 625 2728 Tencteros
653 2671 783 2729 Bructeri
811 2672 877 2729 olim
900 2690 1027 2729 occurre-

137 2782 223 2848 bant3
243 2798 317 2835 nunc
337 2777 495 2837 Chamavos
519 2787 548 2835 et
571 2770 756 2854 Angrivarios
777 2780 941 2856 inmigrasse
964 2797 1027 2836 nar·

136 2898 222 2956 ratur,
236 2888 323 2965 pulsis
337 2887 481 2944 Bructeris
502 2907 535 2944 ac
548 2888 658 2963 penitus
673 2887 780 2956 excisis,
794 2890 949 2946 vicinarum
962 2908 1027 2947 con·

137 3017 221 3055 sensu
241 2999 404 3066 nationum
428 3018 478 3056 seu
500 3001 644 3077 superbiae
669 3001 742 3070 odio,
761 3020 811 3057 seu
828 3001 947 3078 praedae
966 3001 1027 3058 dul·

137 3108 243 3175 cedine,
264 3126 314 3163 seu
333 3106 431 3164 favore
451 3108 573 3184 quodam
589 3128 657 3185 erga
677 3129 728 3166 nos
747 3109 883 3168 deorum:
904 3130 969 3168 nam
990 3130 1025 3167 ne

137 3211 293 3291 spectaculo
321 3212 434 3288 quidem
464 3213 563 3290 proelii
591 3214 733 3273 invidere:
767 3235 851 3294 super
883 3217 1027 3294 sexaginta

136 3319 221 3388 milia,
237 3336 294 3374 non
310 3318 395 3374 armis
413 3315 533 3395 telisque
552 3318 698 3388 Romania,
721 3320 779 3390 sed,
800 3321 876 3397 quod
899 3321 1027 3397 magnifi-

137 3424 244 3483 centius
256 3431 315 3492 est,
337 3423 515 3480 oblectationi
531 3424 674 3503 oculisque
693 3426 861 3484 cecidenmt.
902 3426 1027 3495 Manent,

134 3549 248 3606 quaeso,
263 3528 398 3606 duretque
418 3527 557 3603 gentibus,
573 3530 598 3585 si
617 3549 674 3588 non
690 3549 770 3591 amor
790 3531 888 3600 nostri,
907 3540 1028 3589 atcerte
