2242 3992
351 363 529 409 urrunnu
550 366 648 407 nrsnn
670 365 692 405 1.
933 348 973 409 93

15 474 17 589 ἶ
91 505 230 559 extremam
251 504 397 574 arcuisset,
413 510 524 586 (rarum
542 506 627 564 etiam
639 505 713 563 inter
725 499 847 574 hostes,)
862 501 971 579 legatus

15 596 16 619 ³
90 610 173 688 populi
186 612 316 682 Romani,
332 613 468 691 Romanis
482 615 512 672 in
526 615 634 683 castris,
648 614 784 691 sunguine
802 632 853 669 suc
873 611 972 669 nltnrin

15 744 17 799 ᾗ
90 720 162 781 deum
186 723 443 783 conmaculavisset.
496 722 575 781 Luce
599 723 720 793 demum,
743 730 891 800 postquam
916 722 972 779 dux

15 804 17 815 Ι
90 826 199 884 etmiles
214 836 242 885 et
255 828 331 886 facta
343 829 540 911 noscebantur,
553 829 698 905 ingressus
717 838 809 885 castra
823 827 972 885 Germani·

90 949 131 989 cus
143 932 256 1010 perduci
274 933 310 991 sd
328 953 358 991 se
373 933 509 992 Plancum
526 934 654 1011 imperat,
668 934 828 1011 recepitque
841 933 871 988 in
883 933 973 990 tribu·

88 1036 136 1094 nal.
175 1039 377 1114 Tumfotolem
390 1040 537 1117 increpans
550 1040 666 1109 rabiem,
679 1059 767 1115 neque
780 1038 912 1107 militnm,
926 1038 976 1095 sed

15 1196 16 1201 ,
76 1144 162 1206 ,donin
174 1146 219 1204 iro
232 1165 384 1222 reserpere,
399 1165 449 1202 cur
461 1145 590 1202 venerint
609 1145 695 1221 legati
715 1143 804 1222 aperit
815 1165 823 1201 ε
834 1146 888 1221 jns
900 1143 973 1221 lepo-

89 1250 169 1319 tionis,
182 1262 265 1328 otqne
283 1253 374 1328 ipsius
388 1251 493 1310 Planci
505 1261 664 1330 praecinet
683 1253 846 1309 inmeritum
866 1269 972 1319 cossim,

90 1354 162 1413 simul
173 1366 312 1433 qnontnrn
325 1357 463 1415 dedecoris
476 1358 580 1414 adierit
591 1356 668 1434 lenio,
682 1355 802 1415 facunde
815 1355 973 1423 miseratur,

15 1464 17 1469 ’
90 1457 257 1539 adtonitaque
270 1462 360 1538 magis
371 1482 455 1539 quam
466 1462 560 1539 quieta
570 1464 709 1532 contione,
719 1462 827 1538 legatos
835 1458 974 1538 praesidio
994 1455 999 1464 '

91 1565 255 1624 auxiliarium
269 1568 394 1644 equitum
408 1568 531 1627 dimittit.

122 1667 181 1727 XL.
221 1670 269 1728 Eo
288 1672 318 1727 in
333 1680 412 1729 metu
431 1691 549 1748 arguere
567 1670 768 1731 Germanicum
782 1687 888 1735 omnes,
902 1668 977 1744 qnod

90 1791 137 1830 non
157 1776 194 1832 od
215 1776 389 1851 superiorem
410 1778 558 1834 cnnntnm
575 1784 711 1851 perperit,
735 1772 784 1830 ooo·
803 1773 929 1848 obsequio
949 1781 976 1828 et

91 1888 174 1937 notro
194 1879 304 1938 rebelles
330 1878 479 1937 ancilium.
531 1880 609 1937 Sotis
634 1897 770 1954 superque
796 1878 927 1933 missione
950 1885 977 1932 ct

86 1984 197 2054 posonio
209 1994 237 2042 et
252 1982 376 2040 mollibus
394 1982 523 2041 consuitis
537 1993 707 2060 peccatum:
729 1980 774 2038 oei
790 1982 817 2038 si
834 1979 899 2036 oilis
918 1981 977 2056 ipsi

90 2082 162 2154 tolno,
175 2085 331 2164 cnrfilinni
338 2085 506 2163 porculum,
520 2107 572 2144 cnr
579 2087 731 2164 prandent
749 2087 890 2162 conjnpern
903 2085 977 2146 inter

82 2187 199 2261 forentes
218 2202 247 2250 et
265 2193 356 2249 ononis
370 2193 491 2249 dromoni
501 2193 583 2269 juris
603 2190 743 2248 violatores
762 2187 895 2247 liaberet?
917 2188 977 2247 illos

90 2292 172 2355 saltem
185 2316 237 2357 oon
256 2305 282 2354 et
298 2295 483 2371 reipublicae
503 2298 635 2354 redderet.
676 2295 736 2353 Diu
759 2303 913 2363 cunctatus,
927 2292 977 2351 ad·
1032 2299 1036 2309 ⁴

90 2409 258 2474 spemantem
272 2419 399 2470 uxorem,
418 2420 482 2463 cum
499 2421 528 2459 se
551 2402 614 2459 olivo
632 2397 759 2478 Anpnsto
779 2411 869 2458 ortorn
889 2410 977 2476 neque

90 2503 238 2580 &renerent
258 2507 298 2564 od
309 2506 440 2584 periculo
452 2514 612 2575 testaretur,
625 2515 766 2585 postremo
783 2514 896 2562 uterum
916 2505 977 2580 ejus

90 2614 114 2663 et
126 2628 299 2671 communem
312 2610 401 2667 filium
411 2610 500 2667 multo
514 2631 579 2668 cum
593 2610 661 2668 fletu
674 2610 834 2689 conplexus,
845 2617 877 2666 ut
887 2609 977 2666 abiret

15 2714 16 2723 ³
90 2716 209 2795 perpulit.
250 2715 402 2773 Incedebat
415 2715 551 2773 muliebre
566 2723 594 2772 et
606 2714 764 2772 miserabile
778 2732 895 2790 agmen3
913 2732 978 2789 pro·

90 2813 152 2893 fuga
164 2819 242 2878 ducis
254 2839 334 2889 uxor,
348 2821 496 2897 parvulum
510 2821 574 2878 sinu
590 2820 678 2877 filium
699 2838 810 2896 gerens,
823 2818 977 2875 lamentan-

15 2968 16 2971 ,
91 2926 127 2978 tes
140 2925 243 2983 circum
261 2929 414 2986 amicorum
434 2927 569 3004 conjuges
590 2945 661 3004 quae
682 2924 765 2983 simul
778 2923 978 2991 trahebantur3

92 3041 137 3084 nec
148 3030 240 3088 minus
254 3031 349 3089 tristes
363 3032 411 3108 qui
424 3032 584 3088 manebant.

127 3132 204 3192 XLI.
245 3134 312 3193 Non
330 3135 456 3194 florentis
477 3135 615 3204 Caesarist,
634 3154 725 3213 neque
744 3135 801 3192 suis
821 3135 851 3191 in
870 3135 978 3203 castris,

15 3256 16 3323 ss
92 3234 137 3292 sed
154 3238 230 3296 velut
247 3241 277 3298 in
297 3241 367 3297 urbe
387 3241 470 3308 victa,
491 3239 587 3308 facisse,
601 3240 778 3316 gemitusque
798 3260 831 3297 ac
851 3239 979 3316 planctus

15 3362 17 3397 t
92 3340 169 3399 etiam
190 3346 310 3403 militum
332 3366 414 3404 aures
436 3364 541 3422 oraque
562 3344 717 3403 advertere.
758 3341 980 3418 Progrediuntur

94 3453 293 3512 contuberniis:
312 3455 375 3531 qnis
397 3452 442 3511 illc
457 3453 563 3531 flebilis
582 3451 691 3510 sonus?
712 3453 783 3529 qnid
798 3461 856 3507 torn
877 3449 980 3507 triste?

15 3622 17 3639 ‚
84 3554 206 3625 feminas
229 3559 359 3618 inlustres
379 3591 420 3603 -
437 3579 494 3617 non
519 3561 706 3617 centurionem
728 3558 768 3614 od
787 3553 908 3622 tuteloni,
922 3574 979 3611 non
