<?xml version="1.0" encoding="UTF-8"?>
<!DOCTYPE html PUBLIC "-//W3C//DTD XHTML 1.0 Transitional//EN"
    "http://www.w3.org/TR/xhtml1/DTD/xhtml1-transitional.dtd">
<html xmlns="http://www.w3.org/1999/xhtml" xml:lang="en" lang="en">
 <head>
  <title>
</title>
<meta http-equiv="Content-Type" content="text/html;charset=utf-8" />
  <meta name='ocr-system' content='tesseract 3.04.00' />
  <meta name='ocr-capabilities' content='ocr_page ocr_carea ocr_par ocr_line ocrx_word'/>
</head>
<body>
  <div class='ocr_page' id='page_1' title='image "./germaniaagricol00btgoog_0157.png"; bbox 0 0 2242 3992; ppageno 0'>
   <div class='ocr_carea' id='block_1_1' title="bbox 20 402 22 459">
    <p class='ocr_par' dir='ltr' id='par_1_1' title="bbox 20 402 22 459">
     <span class='ocr_line' id='line_1_1' title="bbox 20 402 22 431; baseline 0 0"><span class='ocrx_word' id='word_1_1' title='bbox 20 402 22 431; x_wconf 78' lang='lat' dir='ltr'>i</span> 
     </span>
     <span class='ocr_line' id='line_1_2' title="bbox 20 440 21 459; baseline 0 0"><span class='ocrx_word' id='word_1_2' title='bbox 20 440 21 459; x_wconf 87' lang='grc' dir='ltr'>ι</span> 
     </span>
    </p>
   </div>
   <div class='ocr_carea' id='block_1_2' title="bbox 20 490 22 561">
    <p class='ocr_par' dir='ltr' id='par_1_2' title="bbox 20 490 22 561">
     <span class='ocr_line' id='line_1_3' title="bbox 20 490 21 499; baseline 0 0"><span class='ocrx_word' id='word_1_3' title='bbox 20 490 21 499; x_wconf 89' lang='grc' dir='ltr'>ι</span> 
     </span>
     <span class='ocr_line' id='line_1_4' title="bbox 20 506 22 517; baseline 0 0"><span class='ocrx_word' id='word_1_4' title='bbox 20 506 22 517; x_wconf 77' lang='grc' dir='ltr'>ι</span> 
     </span>
     <span class='ocr_line' id='line_1_5' title="bbox 20 528 21 535; baseline 0 0"><span class='ocrx_word' id='word_1_5' title='bbox 20 528 21 535; x_wconf 77' lang='grc' dir='ltr'>ι</span> 
     </span>
     <span class='ocr_line' id='line_1_6' title="bbox 20 552 21 561; baseline 0 0"><span class='ocrx_word' id='word_1_6' title='bbox 20 552 21 561; x_wconf 89' lang='grc' dir='ltr'>ι</span> 
     </span>
    </p>
   </div>
   <div class='ocr_carea' id='block_1_3' title="bbox 20 744 22 797">
    <p class='ocr_par' dir='ltr' id='par_1_3' title="bbox 20 698 22 817">
     <span class='ocr_line' id='line_1_7' title="bbox 20 744 22 797; baseline 0 -86"><span class='ocrx_word' id='word_1_7' title='bbox 20 744 22 797; x_wconf 28' lang='lat'>⁴</span> 
     </span>
    </p>
   </div>
   <div class='ocr_carea' id='block_1_4' title="bbox 339 358 952 418">
    <p class='ocr_par' dir='ltr' id='par_1_4' title="bbox 339 358 952 418">
     <span class='ocr_line' id='line_1_8' title="bbox 339 358 952 418; baseline 0.002 -5"><span class='ocrx_word' id='word_1_8' title='bbox 339 372 515 414; x_wconf 74' lang='lat' dir='ltr'>auuanrms</span> <span class='ocrx_word' id='word_1_9' title='bbox 537 373 634 414; x_wconf 78' lang='lat' dir='ltr'>tinen</span> <span class='ocrx_word' id='word_1_10' title='bbox 655 374 677 414; x_wconf 90' lang='lat'>1.</span> <span class='ocrx_word' id='word_1_11' title='bbox 861 362 864 367; x_wconf 86' lang='lat'>&#39;</span> <span class='ocrx_word' id='word_1_12' title='bbox 916 358 952 418; x_wconf 81' lang='lat'>71</span> 
     </span>
    </p>
   </div>
   <div class='ocr_carea' id='block_1_5' title="bbox 68 510 956 907">
    <p class='ocr_par' dir='ltr' id='par_1_5' title="bbox 68 510 956 907">
     <span class='ocr_line' id='line_1_9' title="bbox 71 510 955 588; baseline 0.003 -22"><span class='ocrx_word' id='word_1_13' title='bbox 71 510 206 588; x_wconf 80' lang='lat' dir='ltr'><strong>Agrippae</strong></span> <span class='ocrx_word' id='word_1_14' title='bbox 228 510 335 579; x_wconf 84' lang='lat' dir='ltr'>caedes,</span> <span class='ocrx_word' id='word_1_15' title='bbox 357 531 442 588; x_wconf 74' lang='lat' dir='ltr'>qutun</span> <span class='ocrx_word' id='word_1_16' title='bbox 461 511 592 587; x_wconf 81' lang='lat' dir='ltr'>ignarum</span> <span class='ocrx_word' id='word_1_17' title='bbox 611 511 813 588; x_wconf 90' lang='lat' dir='ltr'>inermumque,</span> <span class='ocrx_word' id='word_1_18' title='bbox 828 513 955 588; x_wconf 88' lang='lat' dir='ltr'>quamvis</span> 
     </span>
     <span class='ocr_line' id='line_1_10' title="bbox 69 615 956 693; baseline 0.006 -22"><span class='ocrx_word' id='word_1_19' title='bbox 69 615 186 673; x_wconf 79' lang='lat' dir='ltr'>firmatim</span> <span class='ocrx_word' id='word_1_20' title='bbox 200 617 302 685; x_wconf 87' lang='lat' dir='ltr'>animo,</span> <span class='ocrx_word' id='word_1_21' title='bbox 317 616 441 674; x_wconf 88' lang='lat' dir='ltr'>centurio</span> <span class='ocrx_word' id='word_1_22' title='bbox 455 635 538 693; x_wconf 80' lang='lat' dir='ltr'>aegre</span> <span class='ocrx_word' id='word_1_23' title='bbox 557 617 687 674; x_wconf 79' lang='lat' dir='ltr'><strong>confecit.</strong></span> <span class='ocrx_word' id='word_1_24' title='bbox 728 615 807 674; x_wconf 92' lang='lat' dir='ltr'>Nihil</span> <span class='ocrx_word' id='word_1_25' title='bbox 821 617 856 675; x_wconf 90' lang='lat' dir='ltr'>de</span> <span class='ocrx_word' id='word_1_26' title='bbox 873 637 908 675; x_wconf 88' lang='lat' dir='ltr'>ea</span> <span class='ocrx_word' id='word_1_27' title='bbox 925 637 956 676; x_wconf 87' lang='lat' dir='ltr'>re</span> 
     </span>
     <span class='ocr_line' id='line_1_11' title="bbox 71 716 955 800; baseline 0.003 -22"><span class='ocrx_word' id='word_1_28' title='bbox 71 720 192 779; x_wconf 89' lang='lat' dir='ltr'>Tiberius</span> <span class='ocrx_word' id='word_1_29' title='bbox 213 722 288 800; x_wconf 86' lang='lat' dir='ltr'>apud</span> <span class='ocrx_word' id='word_1_30' title='bbox 307 716 434 779; x_wconf 57' lang='lat' dir='ltr'>senatum</span> <span class='ocrx_word' id='word_1_31' title='bbox 455 721 606 780; x_wconf 81' lang='lat' dir='ltr'>disseruit:</span> <span class='ocrx_word' id='word_1_32' title='bbox 633 722 721 799; x_wconf 88' lang='lat' dir='ltr'>patris</span> <span class='ocrx_word' id='word_1_33' title='bbox 742 723 822 798; x_wconf 88' lang='lat' dir='ltr'>jussa</span> <span class='ocrx_word' id='word_1_34' title='bbox 842 724 955 782; x_wconf 89' lang='lat' dir='ltr'>simula·</span> 
     </span>
     <span class='ocr_line' id='line_1_12' title="bbox 68 825 955 907; baseline 0.005 -24"><span class='ocrx_word' id='word_1_35' title='bbox 68 825 118 894; x_wconf 79' lang='lat' dir='ltr'>bat,</span> <span class='ocrx_word' id='word_1_36' title='bbox 139 828 240 903; x_wconf 87' lang='lat' dir='ltr'>quibus</span> <span class='ocrx_word' id='word_1_37' title='bbox 265 828 489 905; x_wconf 73' lang='lat' dir='ltr'>praescripsisset</span> <span class='ocrx_word' id='word_1_38' title='bbox 515 827 629 885; x_wconf 86' lang='lat' dir='ltr'>tribuno</span> <span class='ocrx_word' id='word_1_39' title='bbox 654 827 796 886; x_wconf 89' lang='lat' dir='ltr'>custodiae</span> <span class='ocrx_word' id='word_1_40' title='bbox 820 829 955 907; x_wconf 88' lang='lat' dir='ltr'>adposito,</span> 
     </span>
    </p>
   </div>
   <div class='ocr_carea' id='block_1_6' title="bbox 20 933 956 1010">
    <p class='ocr_par' dir='ltr' id='par_1_6' title="bbox 20 933 956 1010">
     <span class='ocr_line' id='line_1_13' title="bbox 20 933 956 1010; baseline 0.004 -22"><span class='ocrx_word' id='word_1_41' title='bbox 20 940 21 951; x_wconf 62' lang='lat'>¹</span> <span class='ocrx_word' id='word_1_42' title='bbox 68 951 99 988; x_wconf 84' lang='lat' dir='ltr'>ue</span> <span class='ocrx_word' id='word_1_43' title='bbox 111 942 285 990; x_wconf 76' lang='lat' dir='ltr'><strong><em>cunctaretur</em></strong></span> <span class='ocrx_word' id='word_1_44' title='bbox 299 933 458 1009; x_wconf 80' lang='lat' dir='ltr'>Aprtppam</span> <span class='ocrx_word' id='word_1_45' title='bbox 472 942 556 989; x_wconf 83' lang='lat' dir='ltr'>morte</span> <span class='ocrx_word' id='word_1_46' title='bbox 573 934 699 1009; x_wconf 78' lang='lat' dir='ltr'>adficere,</span> <span class='ocrx_word' id='word_1_47' title='bbox 715 933 879 1009; x_wconf 80' lang='lat' dir='ltr'><em>quandoque</em></span> <span class='ocrx_word' id='word_1_48' title='bbox 897 936 956 1010; x_wconf 81' lang='lat' dir='ltr'>epse</span> 
     </span>
    </p>
   </div>
   <div class='ocr_carea' id='block_1_7' title="bbox 67 1036 956 1133">
    <p class='ocr_par' dir='ltr' id='par_1_7' title="bbox 67 1036 956 1133">
     <span class='ocr_line' id='line_1_14' title="bbox 67 1036 956 1133; baseline 0.004 -40"><span class='ocrx_word' id='word_1_49' title='bbox 67 1056 224 1133; x_wconf 80' lang='lat' dir='ltr'>supremum</span> <span class='ocrx_word' id='word_1_50' title='bbox 238 1039 312 1095; x_wconf 83' lang='lat' dir='ltr'>diem</span> <span class='ocrx_word' id='word_1_51' title='bbox 326 1037 490 1113; x_wconf 67' lang='lat' dir='ltr'>explevisset.</span> <span class='ocrx_word' id='word_1_52' title='bbox 531 1036 629 1094; x_wconf 87' lang='lat' dir='ltr'>Multa</span> <span class='ocrx_word' id='word_1_53' title='bbox 645 1038 705 1094; x_wconf 88' lang='lat' dir='ltr'>sine</span> <span class='ocrx_word' id='word_1_54' title='bbox 719 1037 804 1096; x_wconf 91' lang='lat' dir='ltr'>dubio</span> <span class='ocrx_word' id='word_1_55' title='bbox 818 1038 956 1116; x_wconf 69' lang='lat' dir='ltr'>saeuaque</span> 
     </span>
    </p>
   </div>
   <div class='ocr_carea' id='block_1_8' title="bbox 20 1143 956 1325">
    <p class='ocr_par' dir='ltr' id='par_1_8' title="bbox 20 1143 956 1325">
     <span class='ocr_line' id='line_1_15' title="bbox 69 1143 956 1220; baseline 0.002 -21"><span class='ocrx_word' id='word_1_56' title='bbox 69 1143 208 1218; x_wconf 84' lang='lat' dir='ltr'>Augustus</span> <span class='ocrx_word' id='word_1_57' title='bbox 230 1143 266 1201; x_wconf 91' lang='lat' dir='ltr'>de</span> <span class='ocrx_word' id='word_1_58' title='bbox 283 1144 408 1201; x_wconf 85' lang='lat' dir='ltr'>moribus</span> <span class='ocrx_word' id='word_1_59' title='bbox 426 1143 610 1201; x_wconf 87' lang='lat' dir='ltr'>adolescentis</span> <span class='ocrx_word' id='word_1_60' title='bbox 631 1151 755 1220; x_wconf 87' lang='lat' dir='ltr'>questus,</span> <span class='ocrx_word' id='word_1_61' title='bbox 778 1144 956 1202; x_wconf 73' lang='lat' dir='ltr'>utensilium</span> 
     </span>
     <span class='ocr_line' id='line_1_16' title="bbox 20 1232 955 1325; baseline 0.005 -23"><span class='ocrx_word' id='word_1_62' title='bbox 20 1232 21 1293; x_wconf 68' lang='grc' dir='ltr'><em>ἷ</em></span> <span class='ocrx_word' id='word_1_63' title='bbox 68 1247 124 1322; x_wconf 85' lang='lat' dir='ltr'>ejus</span> <span class='ocrx_word' id='word_1_64' title='bbox 143 1249 385 1308; x_wconf 87' lang='lat' dir='ltr'>senatusconsulto</span> <span class='ocrx_word' id='word_1_65' title='bbox 406 1249 561 1306; x_wconf 79' lang='lat' dir='ltr'>sanciretur</span> <span class='ocrx_word' id='word_1_66' title='bbox 580 1248 755 1325; x_wconf 80' lang='lat' dir='ltr'>perfecerat:</span> <span class='ocrx_word' id='word_1_67' title='bbox 784 1258 908 1307; x_wconf 88' lang='lat' dir='ltr'>ceterum</span> <span class='ocrx_word' id='word_1_68' title='bbox 926 1251 955 1306; x_wconf 92' lang='lat' dir='ltr'>in</span> 
     </span>
    </p>
   </div>
   <div class='ocr_carea' id='block_1_9' title="bbox 69 1352 956 1750">
    <p class='ocr_par' dir='ltr' id='par_1_9' title="bbox 69 1352 956 1750">
     <span class='ocr_line' id='line_1_17' title="bbox 69 1352 956 1431; baseline -0.002 -19"><span class='ocrx_word' id='word_1_69' title='bbox 69 1352 165 1412; x_wconf 83' lang='lat' dir='ltr'>nullius</span> <span class='ocrx_word' id='word_1_70' title='bbox 187 1374 321 1431; x_wconf 87' lang='lat' dir='ltr'>unquam</span> <span class='ocrx_word' id='word_1_71' title='bbox 334 1373 448 1411; x_wconf 88' lang='lat' dir='ltr'>suorum</span> <span class='ocrx_word' id='word_1_72' title='bbox 467 1373 567 1411; x_wconf 87' lang='lat' dir='ltr'>necem</span> <span class='ocrx_word' id='word_1_73' title='bbox 588 1353 707 1421; x_wconf 88' lang='lat' dir='ltr'>duravit,</span> <span class='ocrx_word' id='word_1_74' title='bbox 725 1372 816 1429; x_wconf 89' lang='lat' dir='ltr'>neque</span> <span class='ocrx_word' id='word_1_75' title='bbox 836 1362 956 1411; x_wconf 89' lang='lat' dir='ltr'>mortem</span> 
     </span>
     <span class='ocr_line' id='line_1_18' title="bbox 69 1460 955 1538; baseline 0.006 -24"><span class='ocrx_word' id='word_1_76' title='bbox 69 1461 155 1535; x_wconf 64' lang='lat' dir='ltr'>iupoti</span> <span class='ocrx_word' id='word_1_77' title='bbox 177 1481 230 1538; x_wconf 88' lang='lat' dir='ltr'>pro</span> <span class='ocrx_word' id='word_1_78' title='bbox 259 1464 407 1519; x_wconf 87' lang='lat' dir='ltr'>securitate</span> <span class='ocrx_word' id='word_1_79' title='bbox 430 1461 552 1538; x_wconf 83' lang='lat' dir='ltr'>privigni</span> <span class='ocrx_word' id='word_1_80' title='bbox 576 1460 691 1517; x_wconf 86' lang='lat' dir='ltr'>inlatam</span> <span class='ocrx_word' id='word_1_81' title='bbox 718 1460 850 1518; x_wconf 82' lang='lat' dir='ltr'>credibile</span> <span class='ocrx_word' id='word_1_82' title='bbox 877 1470 955 1519; x_wconf 84' lang='lat' dir='ltr'>erat:</span> 
     </span>
     <span class='ocr_line' id='line_1_19' title="bbox 69 1566 956 1642; baseline 0.003 -21"><span class='ocrx_word' id='word_1_83' title='bbox 69 1566 172 1642; x_wconf 75' lang='lat' dir='ltr'>popius</span> <span class='ocrx_word' id='word_1_84' title='bbox 195 1587 274 1635; x_wconf 89' lang='lat' dir='ltr'>vero,</span> <span class='ocrx_word' id='word_1_85' title='bbox 300 1568 444 1625; x_wconf 85' lang='lat' dir='ltr'>Tiberium</span> <span class='ocrx_word' id='word_1_86' title='bbox 470 1587 503 1624; x_wconf 87' lang='lat' dir='ltr'>ao</span> <span class='ocrx_word' id='word_1_87' title='bbox 529 1566 649 1635; x_wconf 88' lang='lat' dir='ltr'>Liviam,</span> <span class='ocrx_word' id='word_1_88' title='bbox 674 1566 753 1623; x_wconf 90' lang='lat' dir='ltr'>illum</span> <span class='ocrx_word' id='word_1_89' title='bbox 775 1576 861 1635; x_wconf 91' lang='lat' dir='ltr'>metu,</span> <span class='ocrx_word' id='word_1_90' title='bbox 883 1566 956 1624; x_wconf 88' lang='lat' dir='ltr'>hanc</span> 
     </span>
     <span class='ocr_line' id='line_1_20' title="bbox 70 1672 955 1750; baseline 0.006 -25"><span class='ocrx_word' id='word_1_91' title='bbox 70 1673 255 1730; x_wconf 84' lang='lat' dir='ltr'>novercalibus</span> <span class='ocrx_word' id='word_1_92' title='bbox 269 1672 348 1741; x_wconf 91' lang='lat' dir='ltr'>odiis,</span> <span class='ocrx_word' id='word_1_93' title='bbox 360 1673 481 1750; x_wconf 86' lang='lat' dir='ltr'>suspecti</span> <span class='ocrx_word' id='word_1_94' title='bbox 495 1681 523 1730; x_wconf 92' lang='lat' dir='ltr'>et</span> <span class='ocrx_word' id='word_1_95' title='bbox 536 1673 619 1729; x_wconf 88' lang='lat' dir='ltr'>invisi</span> <span class='ocrx_word' id='word_1_96' title='bbox 630 1673 743 1749; x_wconf 86' lang='lat' dir='ltr'>juvenis</span> <span class='ocrx_word' id='word_1_97' title='bbox 754 1673 867 1730; x_wconf 89' lang='lat' dir='ltr'>caedem</span> <span class='ocrx_word' id='word_1_98' title='bbox 875 1673 955 1730; x_wconf 84' lang='lat' dir='ltr'>festi·</span> 
     </span>
    </p>
   </div>
   <div class='ocr_carea' id='block_1_10' title="bbox 20 1758 955 1852">
    <p class='ocr_par' dir='ltr' id='par_1_10' title="bbox 20 1758 955 1852">
     <span class='ocr_line' id='line_1_21' title="bbox 20 1758 955 1852; baseline 0.007 -23"><span class='ocrx_word' id='word_1_99' title='bbox 20 1758 21 1769; x_wconf 10' lang='grc' dir='ltr'>ἵ</span> <span class='ocrx_word' id='word_1_100' title='bbox 69 1775 179 1833; x_wconf 78' lang='lat' dir='ltr'>novisse.</span> <span class='ocrx_word' id='word_1_101' title='bbox 221 1776 371 1835; x_wconf 90' lang='lat' dir='ltr'>Nuntianti</span> <span class='ocrx_word' id='word_1_102' title='bbox 385 1778 549 1846; x_wconf 89' lang='lat' dir='ltr'>centurioni,</span> <span class='ocrx_word' id='word_1_103' title='bbox 571 1787 603 1835; x_wconf 92' lang='lat' dir='ltr'>ut</span> <span class='ocrx_word' id='word_1_104' title='bbox 622 1797 684 1834; x_wconf 88' lang='lat' dir='ltr'>mos</span> <span class='ocrx_word' id='word_1_105' title='bbox 704 1777 828 1845; x_wconf 89' lang='lat' dir='ltr'>militiae,</span> <span class='ocrx_word' id='word_1_106' title='bbox 839 1779 955 1852; x_wconf 81' lang='lat' dir='ltr'>factum</span> 
     </span>
    </p>
   </div>
   <div class='ocr_carea' id='block_1_11' title="bbox 63 1883 958 2588">
    <p class='ocr_par' dir='ltr' id='par_1_11' title="bbox 63 1883 958 2588">
     <span class='ocr_line' id='line_1_22' title="bbox 71 1883 956 1959; baseline 0.006 -24"><span class='ocrx_word' id='word_1_107' title='bbox 71 1895 127 1946; x_wconf 81' lang='lat' dir='ltr'>uae,</span> <span class='ocrx_word' id='word_1_108' title='bbox 143 1883 218 1956; x_wconf 81' lang='lat' dir='ltr'>quod</span> <span class='ocrx_word' id='word_1_109' title='bbox 234 1884 404 1958; x_wconf 79' lang='lat' dir='ltr'>imperasset,</span> <span class='ocrx_word' id='word_1_110' title='bbox 425 1902 512 1959; x_wconf 81' lang='lat' dir='ltr'>aeque</span> <span class='ocrx_word' id='word_1_111' title='bbox 531 1885 682 1958; x_wconf 76' lang='lat' dir='ltr'>imperasse</span> <span class='ocrx_word' id='word_1_112' title='bbox 701 1902 758 1940; x_wconf 82' lang='lat' dir='ltr'>reae</span> <span class='ocrx_word' id='word_1_113' title='bbox 776 1892 801 1940; x_wconf 86' lang='lat' dir='ltr'>at</span> <span class='ocrx_word' id='word_1_114' title='bbox 819 1884 956 1940; x_wconf 80' lang='lat' dir='ltr'>rationem</span> 
     </span>
     <span class='ocr_line' id='line_1_23' title="bbox 63 1982 955 2064; baseline 0.006 -25"><span class='ocrx_word' id='word_1_115' title='bbox 63 1982 132 2053; x_wconf 81' lang='lat' dir='ltr'>farti</span> <span class='ocrx_word' id='word_1_116' title='bbox 141 1988 311 2044; x_wconf 81' lang='lat' dir='ltr'>reddendam</span> <span class='ocrx_word' id='word_1_117' title='bbox 329 1989 410 2063; x_wconf 87' lang='lat' dir='ltr'>apud</span> <span class='ocrx_word' id='word_1_118' title='bbox 420 1997 556 2057; x_wconf 74' lang='lat' dir='ltr'>seruatum,</span> <span class='ocrx_word' id='word_1_119' title='bbox 571 1986 723 2064; x_wconf 87' lang='lat' dir='ltr'>respondit.</span> <span class='ocrx_word' id='word_1_120' title='bbox 778 1985 862 2050; x_wconf 88' lang='lat' dir='ltr'>Quod</span> <span class='ocrx_word' id='word_1_121' title='bbox 879 1995 955 2063; x_wconf 87' lang='lat' dir='ltr'>post·</span> 
     </span>
     <span class='ocr_line' id='line_1_24' title="bbox 70 2088 958 2170; baseline 0.007 -25"><span class='ocrx_word' id='word_1_122' title='bbox 70 2104 144 2162; x_wconf 85' lang='lat' dir='ltr'>quam</span> <span class='ocrx_word' id='word_1_123' title='bbox 168 2089 320 2149; x_wconf 83' lang='lat' dir='ltr'>Sallustius</span> <span class='ocrx_word' id='word_1_124' title='bbox 345 2092 461 2169; x_wconf 90' lang='lat' dir='ltr'>Crispus</span> <span class='ocrx_word' id='word_1_125' title='bbox 485 2093 622 2169; x_wconf 64' lang='lat' dir='ltr'>particenr</span> <span class='ocrx_word' id='word_1_126' title='bbox 651 2088 823 2149; x_wconf 88' lang='lat' dir='ltr'>secretorum</span> <span class='ocrx_word' id='word_1_127' title='bbox 852 2091 891 2170; x_wconf 92' lang='lat' dir='ltr'>(is</span> <span class='ocrx_word' id='word_1_128' title='bbox 918 2090 958 2151; x_wconf 80' lang='lat' dir='ltr'>ad</span> 
     </span>
     <span class='ocr_line' id='line_1_25' title="bbox 70 2191 953 2275; baseline 0.007 -27"><span class='ocrx_word' id='word_1_129' title='bbox 70 2191 205 2252; x_wconf 88' lang='lat' dir='ltr'>tribunum</span> <span class='ocrx_word' id='word_1_130' title='bbox 239 2197 354 2254; x_wconf 86' lang='lat' dir='ltr'>miserat</span> <span class='ocrx_word' id='word_1_131' title='bbox 381 2195 538 2270; x_wconf 87' lang='lat' dir='ltr'>codicillos)</span> <span class='ocrx_word' id='word_1_132' title='bbox 569 2199 716 2275; x_wconf 88' lang='lat' dir='ltr'>conperit;</span> <span class='ocrx_word' id='word_1_133' title='bbox 754 2206 882 2254; x_wconf 89' lang='lat' dir='ltr'>metuens</span> <span class='ocrx_word' id='word_1_134' title='bbox 917 2216 953 2254; x_wconf 88' lang='lat' dir='ltr'>ne</span> 
     </span>
     <span class='ocr_line' id='line_1_26' title="bbox 70 2297 955 2380; baseline 0.012 -30"><span class='ocrx_word' id='word_1_135' title='bbox 70 2311 126 2353; x_wconf 87' lang='lat' dir='ltr'>reus</span> <span class='ocrx_word' id='word_1_136' title='bbox 139 2297 314 2368; x_wconf 87' lang='lat' dir='ltr'>subderetur,</span> <span class='ocrx_word' id='word_1_137' title='bbox 325 2301 406 2376; x_wconf 84' lang='lat' dir='ltr'>juxta</span> <span class='ocrx_word' id='word_1_138' title='bbox 425 2301 591 2377; x_wconf 90' lang='lat' dir='ltr'>periculoso,</span> <span class='ocrx_word' id='word_1_139' title='bbox 611 2302 678 2360; x_wconf 84' lang='lat' dir='ltr'>ficta</span> <span class='ocrx_word' id='word_1_140' title='bbox 696 2322 745 2360; x_wconf 89' lang='lat' dir='ltr'>seu</span> <span class='ocrx_word' id='word_1_141' title='bbox 758 2323 826 2360; x_wconf 79' lang='lat' dir='ltr'>vera</span> <span class='ocrx_word' id='word_1_142' title='bbox 845 2322 955 2380; x_wconf 90' lang='lat' dir='ltr'>prome-</span> 
     </span>
     <span class='ocr_line' id='line_1_27' title="bbox 70 2403 955 2477; baseline 0.009 -21"><span class='ocrx_word' id='word_1_143' title='bbox 70 2409 115 2468; x_wconf 84' lang='lat' dir='ltr'>ret,</span> <span class='ocrx_word' id='word_1_144' title='bbox 126 2405 236 2462; x_wconf 90' lang='lat' dir='ltr'>monuit</span> <span class='ocrx_word' id='word_1_145' title='bbox 248 2403 367 2474; x_wconf 88' lang='lat' dir='ltr'>Liviam,</span> <span class='ocrx_word' id='word_1_146' title='bbox 386 2426 422 2464; x_wconf 85' lang='lat' dir='ltr'>ue</span> <span class='ocrx_word' id='word_1_147' title='bbox 439 2426 546 2464; x_wconf 80' lang='lat' dir='ltr'>arcana</span> <span class='ocrx_word' id='word_1_148' title='bbox 564 2408 671 2477; x_wconf 82' lang='lat' dir='ltr'>domus,</span> <span class='ocrx_word' id='word_1_149' title='bbox 690 2429 726 2466; x_wconf 83' lang='lat' dir='ltr'>ue</span> <span class='ocrx_word' id='word_1_150' title='bbox 746 2408 862 2466; x_wconf 68' lang='lat' dir='ltr'>consido</span> <span class='ocrx_word' id='word_1_151' title='bbox 881 2410 955 2466; x_wconf 79' lang='lat' dir='ltr'>ami·</span> 
     </span>
     <span class='ocr_line' id='line_1_28' title="bbox 70 2509 956 2588; baseline 0.003 -24"><span class='ocrx_word' id='word_1_152' title='bbox 70 2520 166 2578; x_wconf 74' lang='lat' dir='ltr'>aarum,</span> <span class='ocrx_word' id='word_1_153' title='bbox 186 2511 344 2568; x_wconf 74' lang='lat' dir='ltr'>minutert&#39;a</span> <span class='ocrx_word' id='word_1_154' title='bbox 362 2509 483 2568; x_wconf 74' lang='lat' dir='ltr'>melitum</span> <span class='ocrx_word' id='word_1_155' title='bbox 507 2511 707 2588; x_wconf 65' lang='lat' dir='ltr'>culparentur:</span> <span class='ocrx_word' id='word_1_156' title='bbox 733 2532 801 2570; x_wconf 84' lang='lat' dir='ltr'>aeae</span> <span class='ocrx_word' id='word_1_157' title='bbox 825 2512 956 2570; x_wconf 79' lang='lat' dir='ltr'>Tiberius</span> 
     </span>
    </p>
   </div>
   <div class='ocr_carea' id='block_1_12' title="bbox 20 2611 953 2693">
    <p class='ocr_par' dir='ltr' id='par_1_12' title="bbox 20 2611 953 2693">
     <span class='ocr_line' id='line_1_29' title="bbox 20 2611 953 2693; baseline 0.008 -28"><span class='ocrx_word' id='word_1_158' title='bbox 20 2688 21 2693; x_wconf 7' lang='grc' dir='ltr'>ἵ</span> <span class='ocrx_word' id='word_1_159' title='bbox 68 2611 119 2668; x_wconf 81' lang='lat' dir='ltr'>rim</span> <span class='ocrx_word' id='word_1_160' title='bbox 132 2615 315 2690; x_wconf 75' lang='lat' dir='ltr'>principatus</span> <span class='ocrx_word' id='word_1_161' title='bbox 333 2615 472 2673; x_wconf 79' lang='lat' dir='ltr'>resolverit</span> <span class='ocrx_word' id='word_1_162' title='bbox 489 2626 589 2674; x_wconf 68' lang='lat' dir='ltr'>cunda</span> <span class='ocrx_word' id='word_1_163' title='bbox 608 2617 648 2673; x_wconf 86' lang='lat' dir='ltr'>ad</span> <span class='ocrx_word' id='word_1_164' title='bbox 664 2627 792 2674; x_wconf 83' lang='lat' dir='ltr'>renatum</span> <span class='ocrx_word' id='word_1_165' title='bbox 811 2617 953 2673; x_wconf 81' lang='lat' dir='ltr'>vocando.-</span> 
     </span>
    </p>
   </div>
   <div class='ocr_carea' id='block_1_13' title="bbox 69 2722 957 2799">
    <p class='ocr_par' dir='ltr' id='par_1_13' title="bbox 69 2722 957 2799">
     <span class='ocr_line' id='line_1_30' title="bbox 69 2722 957 2799; baseline 0.002 -24"><span class='ocrx_word' id='word_1_166' title='bbox 69 2735 124 2776; x_wconf 83' lang='lat' dir='ltr'>eam</span> <span class='ocrx_word' id='word_1_167' title='bbox 136 2723 320 2779; x_wconf 69' lang='lat' dir='ltr'>condideram</span> <span class='ocrx_word' id='word_1_168' title='bbox 331 2741 388 2780; x_wconf 81' lang='lat' dir='ltr'>esre</span> <span class='ocrx_word' id='word_1_169' title='bbox 400 2723 571 2799; x_wconf 77' lang='lat' dir='ltr'>imperandi,</span> <span class='ocrx_word' id='word_1_170' title='bbox 586 2732 618 2780; x_wconf 92' lang='lat' dir='ltr'>ut</span> <span class='ocrx_word' id='word_1_171' title='bbox 637 2743 694 2780; x_wconf 82' lang='lat' dir='ltr'>aaa</span> <span class='ocrx_word' id='word_1_172' title='bbox 715 2722 796 2779; x_wconf 81' lang='lat' dir='ltr'>aliter</span> <span class='ocrx_word' id='word_1_173' title='bbox 808 2722 880 2778; x_wconf 82' lang='lat' dir='ltr'>ratio</span> <span class='ocrx_word' id='word_1_174' title='bbox 893 2740 957 2778; x_wconf 84' lang='lat' dir='ltr'>cou-</span> 
     </span>
    </p>
   </div>
   <div class='ocr_carea' id='block_1_14' title="bbox 20 2812 465 2902">
    <p class='ocr_par' dir='ltr' id='par_1_14' title="bbox 20 2812 465 2902">
     <span class='ocr_line' id='line_1_31' title="bbox 20 2812 465 2902; baseline 0.004 -20"><span class='ocrx_word' id='word_1_175' title='bbox 20 2812 21 2817; x_wconf 24' lang='lat'>¹</span> <span class='ocrx_word' id='word_1_176' title='bbox 69 2833 205 2902; x_wconf 74' lang='lat' dir='ltr'>amquam</span> <span class='ocrx_word' id='word_1_177' title='bbox 218 2829 245 2884; x_wconf 78' lang='lat' dir='ltr'>si</span> <span class='ocrx_word' id='word_1_178' title='bbox 258 2829 311 2884; x_wconf 84' lang='lat' dir='ltr'>uru&#39;</span> <span class='ocrx_word' id='word_1_179' title='bbox 323 2828 465 2885; x_wconf 81' lang='lat' dir='ltr'>reddatur.</span> 
     </span>
    </p>
   </div>
   <div class='ocr_carea' id='block_1_15' title="bbox 68 2926 956 3322">
    <p class='ocr_par' dir='ltr' id='par_1_15' title="bbox 68 2926 956 3322">
     <span class='ocr_line' id='line_1_32' title="bbox 104 2926 954 3004; baseline -0.005 -17"><span class='ocrx_word' id='word_1_180' title='bbox 104 2928 170 2988; x_wconf 88' lang='lat' dir='ltr'><strong>VII.</strong></span> <span class='ocrx_word' id='word_1_181' title='bbox 212 2931 254 2987; x_wconf 89' lang='lat' dir='ltr'>At</span> <span class='ocrx_word' id='word_1_182' title='bbox 268 2930 376 2988; x_wconf 86' lang='lat' dir='ltr'>Romae</span> <span class='ocrx_word' id='word_1_183' title='bbox 389 2949 470 2988; x_wconf 87' lang='lat' dir='ltr'>ruere</span> <span class='ocrx_word' id='word_1_184' title='bbox 489 2932 518 2987; x_wconf 92' lang='lat' dir='ltr'>in</span> <span class='ocrx_word' id='word_1_185' title='bbox 537 2929 682 2987; x_wconf 85' lang='lat' dir='ltr'>servitium</span> <span class='ocrx_word' id='word_1_186' title='bbox 700 2926 836 2995; x_wconf 87' lang='lat' dir='ltr'>consules,</span> <span class='ocrx_word' id='word_1_187' title='bbox 851 2935 954 3004; x_wconf 89' lang='lat' dir='ltr'>patres,</span> 
     </span>
     <span class='ocr_line' id='line_1_33' title="bbox 69 3031 956 3112; baseline -0.001 -22"><span class='ocrx_word' id='word_1_188' title='bbox 69 3049 165 3110; x_wconf 82' lang='lat' dir='ltr'>eques:</span> <span class='ocrx_word' id='word_1_189' title='bbox 187 3044 292 3112; x_wconf 90' lang='lat' dir='ltr'>quanto</span> <span class='ocrx_word' id='word_1_190' title='bbox 310 3035 372 3111; x_wconf 91' lang='lat' dir='ltr'>quis</span> <span class='ocrx_word' id='word_1_191' title='bbox 393 3034 545 3103; x_wconf 83' lang='lat' dir='ltr'>inlustrior,</span> <span class='ocrx_word' id='word_1_192' title='bbox 563 3042 643 3097; x_wconf 77' lang='lat' dir='ltr'>tanto</span> <span class='ocrx_word' id='word_1_193' title='bbox 661 3033 751 3109; x_wconf 83' lang='lat' dir='ltr'>magis</span> <span class='ocrx_word' id='word_1_194' title='bbox 764 3031 829 3089; x_wconf 85' lang='lat' dir='ltr'>falsi</span> <span class='ocrx_word' id='word_1_195' title='bbox 848 3050 881 3089; x_wconf 90' lang='lat' dir='ltr'>ac</span> <span class='ocrx_word' id='word_1_196' title='bbox 899 3031 956 3090; x_wconf 85' lang='lat' dir='ltr'>fes·</span> 
     </span>
     <span class='ocr_line' id='line_1_34' title="bbox 69 3136 956 3217; baseline -0.003 -20"><span class='ocrx_word' id='word_1_197' title='bbox 69 3136 182 3197; x_wconf 74' lang='lat' dir='ltr'>ficantes</span> <span class='ocrx_word' id='word_1_198' title='bbox 203 3140 339 3217; x_wconf 85' lang='lat' dir='ltr'>vultuque</span> <span class='ocrx_word' id='word_1_199' title='bbox 360 3141 513 3217; x_wconf 85' lang='lat' dir='ltr'>conposito,</span> <span class='ocrx_word' id='word_1_200' title='bbox 531 3158 568 3196; x_wconf 89' lang='lat' dir='ltr'>ne</span> <span class='ocrx_word' id='word_1_201' title='bbox 591 3139 658 3197; x_wconf 89' lang='lat' dir='ltr'>laeti</span> <span class='ocrx_word' id='word_1_202' title='bbox 676 3157 792 3196; x_wconf 84' lang='lat' dir='ltr'>excessu</span> <span class='ocrx_word' id='word_1_203' title='bbox 814 3137 956 3215; x_wconf 85' lang='lat' dir='ltr'>principis,</span> 
     </span>
     <span class='ocr_line' id='line_1_35' title="bbox 68 3243 955 3322; baseline -0.002 -21"><span class='ocrx_word' id='word_1_204' title='bbox 68 3258 119 3301; x_wconf 82' lang='lat' dir='ltr'>neu</span> <span class='ocrx_word' id='word_1_205' title='bbox 144 3245 281 3302; x_wconf 86' lang='lat' dir='ltr'>tristiores</span> <span class='ocrx_word' id='word_1_206' title='bbox 308 3244 470 3322; x_wconf 88' lang='lat' dir='ltr'>primordio,</span> <span class='ocrx_word' id='word_1_207' title='bbox 498 3243 636 3312; x_wconf 89' lang='lat' dir='ltr'>lacrimas,</span> <span class='ocrx_word' id='word_1_208' title='bbox 664 3244 805 3320; x_wconf 86' lang='lat' dir='ltr'>gaudium,</span> <span class='ocrx_word' id='word_1_209' title='bbox 831 3253 955 3320; x_wconf 86' lang='lat' dir='ltr'>questus,</span> 
     </span>
    </p>
   </div>
   <div class='ocr_carea' id='block_1_16' title="bbox 20 3336 954 3426">
    <p class='ocr_par' dir='ltr' id='par_1_16' title="bbox 20 3336 954 3426">
     <span class='ocr_line' id='line_1_36' title="bbox 20 3336 954 3426; baseline 0.002 -23"><span class='ocrx_word' id='word_1_210' title='bbox 20 3336 21 3339; x_wconf 23' lang='lat'>¹</span> <span class='ocrx_word' id='word_1_211' title='bbox 67 3346 249 3407; x_wconf 83' lang='lat' dir='ltr'>adulationem</span> <span class='ocrx_word' id='word_1_212' title='bbox 261 3349 425 3406; x_wconf 88' lang='lat' dir='ltr'>miscebant.</span> <span class='ocrx_word' id='word_1_213' title='bbox 449 3348 562 3407; x_wconf 78' lang='lat' dir='ltr'>&#39;Sextus</span> <span class='ocrx_word' id='word_1_214' title='bbox 577 3349 726 3426; x_wconf 90' lang='lat' dir='ltr'>Pompeius</span> <span class='ocrx_word' id='word_1_215' title='bbox 740 3355 769 3405; x_wconf 89' lang='lat' dir='ltr'>et</span> <span class='ocrx_word' id='word_1_216' title='bbox 784 3347 885 3406; x_wconf 82' lang='lat' dir='ltr'>Sextus</span> <span class='ocrx_word' id='word_1_217' title='bbox 894 3349 954 3423; x_wconf 90' lang='lat' dir='ltr'>Ap·</span> 
     </span>
    </p>
   </div>
   <div class='ocr_carea' id='block_1_17' title="bbox 67 3453 955 3637">
    <p class='ocr_par' dir='ltr' id='par_1_17' title="bbox 67 3453 955 3637">
     <span class='ocr_line' id='line_1_37' title="bbox 67 3453 955 3532; baseline -0.005 -21"><span class='ocrx_word' id='word_1_218' title='bbox 67 3453 170 3529; x_wconf 89' lang='lat' dir='ltr'>puleius</span> <span class='ocrx_word' id='word_1_219' title='bbox 180 3453 318 3514; x_wconf 85' lang='lat' dir='ltr'>Consules</span> <span class='ocrx_word' id='word_1_220' title='bbox 326 3455 409 3532; x_wconf 88' lang='lat' dir='ltr'>primi</span> <span class='ocrx_word' id='word_1_221' title='bbox 417 3455 446 3512; x_wconf 90' lang='lat' dir='ltr'>in</span> <span class='ocrx_word' id='word_1_222' title='bbox 454 3456 542 3512; x_wconf 84' lang='lat' dir='ltr'>verba</span> <span class='ocrx_word' id='word_1_223' title='bbox 552 3454 660 3512; x_wconf 89' lang='lat' dir='ltr'>Tiberii</span> <span class='ocrx_word' id='word_1_224' title='bbox 670 3454 798 3513; x_wconf 87' lang='lat' dir='ltr'>Caesaris</span> <span class='ocrx_word' id='word_1_225' title='bbox 807 3454 955 3529; x_wconf 74' lang='lat' dir='ltr'>juraverat</span> 
     </span>
     <span class='ocr_line' id='line_1_38' title="bbox 67 3556 955 3637; baseline -0.012 -16"><span class='ocrx_word' id='word_1_226' title='bbox 67 3558 189 3637; x_wconf 64' lang='lat' dir='ltr'>apudque</span> <span class='ocrx_word' id='word_1_227' title='bbox 204 3579 252 3619; x_wconf 85' lang='lat' dir='ltr'>eos</span> <span class='ocrx_word' id='word_1_228' title='bbox 263 3559 344 3618; x_wconf 90' lang='lat' dir='ltr'>Seius</span> <span class='ocrx_word' id='word_1_229' title='bbox 354 3558 456 3619; x_wconf 84' lang='lat' dir='ltr'>Strabo</span> <span class='ocrx_word' id='word_1_230' title='bbox 464 3568 493 3618; x_wconf 90' lang='lat' dir='ltr'>et</span> <span class='ocrx_word' id='word_1_231' title='bbox 504 3558 590 3619; x_wconf 88' lang='lat' dir='ltr'>Caius</span> <span class='ocrx_word' id='word_1_232' title='bbox 602 3559 768 3626; x_wconf 85' lang='lat' dir='ltr'>Turranius,</span> <span class='ocrx_word' id='word_1_233' title='bbox 781 3556 830 3617; x_wconf 86' lang='lat' dir='ltr'>ille</span> <span class='ocrx_word' id='word_1_234' title='bbox 845 3562 955 3633; x_wconf 85' lang='lat' dir='ltr'>practo-</span> 
     </span>
    </p>
   </div>
   <div class='ocr_carea' id='block_1_18' title="bbox 0 0 1126 3992">
    <p class='ocr_par' dir='ltr' id='par_1_18' title="bbox 0 0 1126 3992">
     <span class='ocr_line' id='line_1_39' title="bbox 0 0 1126 3992; baseline 0 0"><span class='ocrx_word' id='word_1_235' title='bbox 0 0 1126 3992; x_wconf 95' lang='lat' dir='ltr'> </span> 
     </span>
    </p>
   </div>
  </div>
 </body>
</html>
