2242 3992
168 326 204 385 12
287 402 290 407 Ι
541 342 687 385 racrrns.

165 481 245 540 scitia
262 480 433 539 aedificandi
474 481 519 538 Ne
540 489 747 539 caementorum
768 480 881 558 quidem
898 482 973 559 apud
990 482 1052 540 illos
1104 466 1105 561 J

163 596 212 645 aut
224 588 382 664 tegularum
394 607 481 645 usus:
501 588 619 644 materia
638 586 674 643 ad
693 586 787 643 omnia
805 595 923 643 utuntur
942 587 1051 646 informi

163 699 191 749 et
204 692 275 749 citra
288 692 407 768 speciem
420 700 468 749 aut
482 691 702 749 delectationem.
747 690 893 754 Quaedam
913 691 975 750 loca
991 692 1051 750 dili·
1104 712 1105 725 ³

163 797 274 875 gentius
287 797 409 854 inlinunt
422 805 506 866 terra,
520 797 559 855 ita
568 816 639 875 pura
649 805 677 854 et
690 796 861 874 splendente,
872 805 905 854 ut
917 798 1051 875 picturam
1104 810 1105 823 ²

98 930 102 936 ·
162 901 375 961 aclineamenta
386 900 510 959 colorum
523 900 656 959 imitetur.
698 900 796 959 Solent
813 908 843 958 ct
857 902 1049 960 subterraneos
1104 974 1105 995 Χ

162 1027 260 1085 specus
271 1009 387 1085 aperire,
396 1027 499 1085 eosque
509 1007 598 1064 multo
607 1008 720 1084 insuper
730 1007 796 1064 fimo
804 1008 1050 1084 onerantsubfirg·
1104 1010 1105 1039 ³

161 1113 220 1172 ium
232 1113 318 1171 hiemi
331 1122 360 1171 et
373 1113 578 1191 receptaculum
591 1114 720 1190 frugibus
731 1136 740 1180 ς
759 1114 826 1191 quia
844 1114 968 1190 rigorem
980 1113 1048 1190 frig·

161 1237 242 1277 orum
255 1220 392 1296 ejusmodi
405 1220 474 1278 locis
487 1220 635 1278 molliunt:
656 1228 693 1290 et,
714 1221 738 1277 si
760 1221 870 1298 quando
890 1220 979 1278 hostis
1002 1219 1048 1278 ad·

160 1327 246 1395 venit,
260 1335 356 1404 aperta
367 1327 524 1405 populatur,
538 1325 634 1383 abdita
642 1335 736 1383 autem
746 1334 774 1383 et
785 1325 894 1384 defossa
905 1334 954 1382 aut
968 1327 1049 1403 igno·

160 1441 266 1503 rantur,
281 1442 329 1491 aut
342 1453 376 1490 eo
389 1434 450 1511 ipso
462 1432 573 1499 fallunt,
587 1431 664 1509 quod
676 1431 834 1508 quaerenda
845 1438 918 1487 sunt.
1104 1484 1105 1487 ,

200 1535 298 1597 XVII.
340 1539 485 1615 Tegumen
499 1538 627 1595 omnibus
642 1556 740 1614 sagum
760 1537 848 1594 fibula
860 1545 917 1604 aut,
930 1535 1049 1605 sidesit,
1104 1524 1105 1543 ἶ

161 1644 241 1720 spina
253 1625 428 1703 consertum:
449 1652 543 1701 cetera
561 1643 658 1701 intecti
678 1651 752 1700 totos
773 1641 831 1700 dies
850 1643 932 1718 juxta
953 1641 1049 1699 focum

159 1756 244 1825 atque
257 1748 352 1825 ignem
365 1755 461 1824 agunt.
501 1746 727 1824 Locupletissimi
740 1756 818 1804 veste
832 1747 1049 1824 distinguuntur,
1104 1806 1105 1809 ,

160 1872 216 1911 ιιοιι
230 1853 366 1922 fluitante,
380 1853 453 1912 sicut
466 1851 610 1911 Sarmatae
623 1871 657 1909 ac
671 1851 778 1921 Parthi,
789 1852 838 1909 sed
848 1853 945 1909 stricta
954 1860 984 1909 et
995 1853 1050 1909 sin·
1104 1834 1105 1853 Χ

158 1959 240 2036 gulos
253 1968 330 2018 anus
344 1961 523 2037 exprimente.
565 1958 676 2018 Genmt
689 1965 717 2015 et
726 1958 850 2016 ferarum
860 1957 956 2035 pelles,
966 1976 1049 2035 prox·

159 2064 208 2125 imi
229 2065 304 2141 ripae
327 2064 511 2140 negligenter,
528 2062 676 2121 ulteriores
698 2063 869 2140 exquisitius,
892 2061 1049 2138 atquibus
1104 2058 1105 2109 ἐ

159 2168 253 2225 nullus
267 2187 317 2245 per
330 2169 496 2225 commercia
509 2168 609 2226 cultus.
651 2167 768 2245 Eligant
780 2160 855 2225 feras
876 2176 905 2225 et
924 2167 1050 2225 detracta

160 2272 299 2330 velamina
319 2282 454 2350 spargunt
473 2273 590 2331 maculis
610 2273 784 2352 pellibusque
803 2274 957 2341 beluarum,
978 2291 1051 2350 quas

160 2376 282 2434 exterior
295 2395 414 2434 oceanus
429 2386 512 2455 atque
525 2379 652 2455 ignotum
665 2399 742 2437 mare
753 2380 852 2456 gignit.
902 2378 964 2436 Nec
977 2378 1051 2436 alius
1104 2424 1105 2453 ³

160 2482 272 2539 feminis
293 2501 377 2560 quam
394 2482 462 2540 viris
480 2482 601 2553 habitus,
621 2485 676 2542 nisi
700 2486 774 2562 quod
795 2485 916 2542 feminae
938 2483 1052 2560 saepius
1104 2462 1105 2487 l

159 2587 239 2647 lineis
259 2588 405 2646 amictibus
424 2588 560 2657 velantur,
582 2609 686 2667 eosque
709 2609 832 2668 purpura
852 2590 968 2655 variant,
983 2607 1054 2665 pars

158 2702 270 2771 temque
293 2694 410 2752 vestitus
439 2693 589 2770 superioris
608 2695 638 2751 in
657 2696 780 2753 manicas
808 2715 866 2752 non
883 2691 1054 2762 extendunt,

157 2798 248 2858 nudae
260 2799 375 2857 brachia
388 2819 420 2857 ac
433 2799 562 2857 lacertos.

198 2900 311 2958 XVIII.
353 2900 410 2959 Sed
430 2908 458 2958 et
478 2900 604 2978 proxima
623 2920 687 2976 pars
705 2901 825 2978 pectoris
845 2908 928 2978 patet,
944 2916 1056 2974 quam-

159 3025 243 3082 quam
281 2991 377 3064 severa
407 3006 465 3064 illic
499 3006 691 3073 matrimonia3
725 3025 778 3063 nec
815 3006 903 3063 ullam
936 3022 1057 3063 mortun

158 3112 380 3188 partemvmagis
413 3110 587 3168 laudaveris:
622 3130 687 3168 nam
713 3131 799 3189 prope
828 3111 881 3168 soli
914 3109 1057 3168 barbaro·

158 3216 221 3273 rum
248 3215 364 3292 singulis
390 3215 523 3273 uxoribus
551 3217 674 3273 contenti
702 3225 774 3285 sunt,
802 3216 925 3293 exceptis
951 3213 1058 3295 admo·

158 3321 224 3378 dum
241 3321 345 3399 paucis,
369 3320 417 3397 qui
440 3340 497 3377 non
520 3320 634 3377 libidine
658 3321 709 3377 sed
731 3321 767 3378 ob
791 3321 964 3378 nobilitatem
980 3314 1058 3395 pln-

157 3429 234 3486 rimis
247 3427 351 3505 nuptiis
365 3426 532 3484 ambiuntur.
574 3424 680 3484 Dotem
699 3445 755 3484 non
775 3445 846 3483 uxor
865 3424 976 3491 manto,
1000 3426 1059 3483 sed

157 3535 237 3595 uxori
249 3534 374 3604 maritus,
395 3533 485 3591 offert.
526 3529 671 3590 Intersunt
691 3539 827 3609 parentes
841 3538 871 3589 et
888 3527 1060 3607 propinqui,
1104 3548 1105 3621 p

1104 3626 1105 3667 l

1104 3672 1106 3713 l

1104 3724 1105 3749 ι
