<?xml version="1.0" encoding="UTF-8"?>
<!DOCTYPE html PUBLIC "-//W3C//DTD XHTML 1.0 Transitional//EN"
    "http://www.w3.org/TR/xhtml1/DTD/xhtml1-transitional.dtd">
<html xmlns="http://www.w3.org/1999/xhtml" xml:lang="en" lang="en">
 <head>
  <title>
</title>
<meta http-equiv="Content-Type" content="text/html;charset=utf-8" />
  <meta name='ocr-system' content='tesseract 3.04.00' />
  <meta name='ocr-capabilities' content='ocr_page ocr_carea ocr_par ocr_line ocrx_word'/>
</head>
<body>
  <div class='ocr_page' id='page_1' title='image "./germaniaagricol00btgoog_0122.png"; bbox 0 0 2242 3992; ppageno 0'>
   <div class='ocr_carea' id='block_1_1' title="bbox 163 392 705 452">
    <p class='ocr_par' dir='ltr' id='par_1_1' title="bbox 163 392 705 452">
     <span class='ocr_line' id='line_1_1' title="bbox 163 392 705 452; baseline 0.006 -5"><span class='ocrx_word' id='word_1_1' title='bbox 163 422 169 434; x_wconf 84' lang='lat'><strong>·</strong></span> <span class='ocrx_word' id='word_1_2' title='bbox 185 392 224 448; x_wconf 81' lang='grc'>86</span> <span class='ocrx_word' id='word_1_3' title='bbox 558 409 705 452; x_wconf 73' lang='lat' dir='ltr'>racrrus.</span> 
     </span>
    </p>
   </div>
   <div class='ocr_carea' id='block_1_2' title="bbox 97 544 1077 1887">
    <p class='ocr_par' dir='ltr' id='par_1_2' title="bbox 97 544 1077 1887">
     <span class='ocr_line' id='line_1_2' title="bbox 182 544 1077 626; baseline 0.004 -24"><span class='ocrx_word' id='word_1_4' title='bbox 182 554 255 614; x_wconf 90' lang='lat' dir='ltr'>tunt,</span> <span class='ocrx_word' id='word_1_5' title='bbox 268 565 359 623; x_wconf 89' lang='lat' dir='ltr'>neque</span> <span class='ocrx_word' id='word_1_6' title='bbox 373 549 496 626; x_wconf 81' lang='lat' dir='ltr'>segniter</span> <span class='ocrx_word' id='word_1_7' title='bbox 510 547 546 606; x_wconf 86' lang='lat' dir='ltr'>ad</span> <span class='ocrx_word' id='word_1_8' title='bbox 559 544 723 625; x_wconf 85' lang='lat' dir='ltr'>voluptates</span> <span class='ocrx_word' id='word_1_9' title='bbox 736 557 765 606; x_wconf 92' lang='lat' dir='ltr'>et</span> <span class='ocrx_word' id='word_1_10' title='bbox 782 557 952 607; x_wconf 91' lang='lat' dir='ltr'>commeatus</span> <span class='ocrx_word' id='word_1_11' title='bbox 964 549 1077 606; x_wconf 89' lang='lat' dir='ltr'>titulum</span> 
     </span>
     <span class='ocr_line' id='line_1_3' title="bbox 182 638 1076 730; baseline 0.006 -23"><span class='ocrx_word' id='word_1_12' title='bbox 182 638 340 709; x_wconf 79' lang='lat' dir='ltr'>tribunatus</span> <span class='ocrx_word' id='word_1_13' title='bbox 355 662 383 710; x_wconf 89' lang='lat' dir='ltr'>et</span> <span class='ocrx_word' id='word_1_14' title='bbox 395 653 536 711; x_wconf 90' lang='lat' dir='ltr'>inscitiam</span> <span class='ocrx_word' id='word_1_15' title='bbox 551 653 676 713; x_wconf 84' lang='lat' dir='ltr'>rettulit:</span> <span class='ocrx_word' id='word_1_16' title='bbox 698 654 747 710; x_wconf 91' lang='lat' dir='ltr'>sed</span> <span class='ocrx_word' id='word_1_17' title='bbox 764 673 880 711; x_wconf 82' lang='lat' dir='ltr'>noscere</span> <span class='ocrx_word' id='word_1_18' title='bbox 897 654 1076 730; x_wconf 81' lang='lat' dir='ltr'>provinciam,</span> 
     </span>
     <span class='ocr_line' id='line_1_4' title="bbox 181 757 1074 838; baseline 0.003 -26"><span class='ocrx_word' id='word_1_19' title='bbox 181 757 259 815; x_wconf 90' lang='lat' dir='ltr'>nosci</span> <span class='ocrx_word' id='word_1_20' title='bbox 282 758 423 826; x_wconf 79' lang='lat' dir='ltr'>exercitui,</span> <span class='ocrx_word' id='word_1_21' title='bbox 448 758 554 815; x_wconf 85' lang='lat' dir='ltr'>discere</span> <span class='ocrx_word' id='word_1_22' title='bbox 577 778 594 815; x_wconf 91' lang='lat' dir='ltr'>a</span> <span class='ocrx_word' id='word_1_23' title='bbox 617 758 725 835; x_wconf 90' lang='lat' dir='ltr'>peritis,</span> <span class='ocrx_word' id='word_1_24' title='bbox 754 759 833 838; x_wconf 81' lang='lat' dir='ltr'>sequi</span> <span class='ocrx_word' id='word_1_25' title='bbox 854 759 981 835; x_wconf 88' lang='lat' dir='ltr'>optimos,</span> <span class='ocrx_word' id='word_1_26' title='bbox 1007 757 1074 815; x_wconf 88' lang='lat' dir='ltr'>nihil</span> 
     </span>
     <span class='ocr_line' id='line_1_5' title="bbox 181 860 1073 939; baseline 0.002 -21"><span class='ocrx_word' id='word_1_27' title='bbox 181 860 311 938; x_wconf 80' lang='lat' dir='ltr'>adpetere</span> <span class='ocrx_word' id='word_1_28' title='bbox 332 863 361 918; x_wconf 90' lang='lat' dir='ltr'>in</span> <span class='ocrx_word' id='word_1_29' title='bbox 379 863 568 939; x_wconf 85' lang='lat' dir='ltr'>jactationem,</span> <span class='ocrx_word' id='word_1_30' title='bbox 592 862 662 919; x_wconf 90' lang='lat' dir='ltr'>nihil</span> <span class='ocrx_word' id='word_1_31' title='bbox 683 864 718 920; x_wconf 94' lang='lat' dir='ltr'>ob</span> <span class='ocrx_word' id='word_1_32' title='bbox 740 862 918 920; x_wconf 87' lang='lat' dir='ltr'>formidinem</span> <span class='ocrx_word' id='word_1_33' title='bbox 937 883 1073 929; x_wconf 80' lang='lat' dir='ltr'>recusare,</span> 
     </span>
     <span class='ocr_line' id='line_1_6' title="bbox 182 954 1072 1045; baseline 0 -20"><span class='ocrx_word' id='word_1_34' title='bbox 182 969 319 1045; x_wconf 88' lang='lat' dir='ltr'>simulque</span> <span class='ocrx_word' id='word_1_35' title='bbox 332 969 430 1026; x_wconf 85' lang='lat' dir='ltr'>anxius</span> <span class='ocrx_word' id='word_1_36' title='bbox 445 977 473 1026; x_wconf 91' lang='lat' dir='ltr'>et</span> <span class='ocrx_word' id='word_1_37' title='bbox 491 965 615 1025; x_wconf 87' lang='lat' dir='ltr'>iritentus</span> <span class='ocrx_word' id='word_1_38' title='bbox 638 987 729 1043; x_wconf 77' lang='lat' dir='ltr'>agere.</span> <span class='ocrx_word' id='word_1_39' title='bbox 770 966 837 1024; x_wconf 91' lang='lat' dir='ltr'>Non</span> <span class='ocrx_word' id='word_1_40' title='bbox 857 987 923 1024; x_wconf 91' lang='lat' dir='ltr'>sane</span> <span class='ocrx_word' id='word_1_41' title='bbox 944 954 1072 1025; x_wconf 55' lang='lat' dir='ltr'>alias&#39;ex-</span> 
     </span>
     <span class='ocr_line' id='line_1_7' title="bbox 180 1071 1071 1150; baseline 0 -21"><span class='ocrx_word' id='word_1_42' title='bbox 180 1074 319 1131; x_wconf 84' lang='lat' dir='ltr'>ercitatior</span> <span class='ocrx_word' id='word_1_43' title='bbox 342 1075 487 1150; x_wconf 79' lang='lat' dir='ltr'>magisque</span> <span class='ocrx_word' id='word_1_44' title='bbox 507 1074 536 1129; x_wconf 91' lang='lat' dir='ltr'>in</span> <span class='ocrx_word' id='word_1_45' title='bbox 558 1073 692 1148; x_wconf 86' lang='lat' dir='ltr'>ambiguo</span> <span class='ocrx_word' id='word_1_46' title='bbox 713 1071 860 1129; x_wconf 80' lang='lat' dir='ltr'>Britannia</span> <span class='ocrx_word' id='word_1_47' title='bbox 879 1072 956 1130; x_wconf 85' lang='lat' dir='ltr'>fuit:</span> <span class='ocrx_word' id='word_1_48' title='bbox 987 1075 1071 1131; x_wconf 88' lang='lat' dir='ltr'>truci·</span> 
     </span>
     <span class='ocr_line' id='line_1_8' title="bbox 178 1177 1070 1254; baseline 0 -17"><span class='ocrx_word' id='word_1_49' title='bbox 178 1179 235 1237; x_wconf 88' lang='lat' dir='ltr'>dati</span> <span class='ocrx_word' id='word_1_50' title='bbox 262 1180 395 1248; x_wconf 89' lang='lat' dir='ltr'>veterani,</span> <span class='ocrx_word' id='word_1_51' title='bbox 422 1179 552 1236; x_wconf 83' lang='lat' dir='ltr'>incensae</span> <span class='ocrx_word' id='word_1_52' title='bbox 580 1178 715 1246; x_wconf 89' lang='lat' dir='ltr'>coloniae,</span> <span class='ocrx_word' id='word_1_53' title='bbox 742 1177 888 1254; x_wconf 82' lang='lat' dir='ltr'>intercepti</span> <span class='ocrx_word' id='word_1_54' title='bbox 916 1179 1070 1246; x_wconf 83' lang='lat' dir='ltr'>exercitm;</span> 
     </span>
     <span class='ocr_line' id='line_1_9' title="bbox 178 1283 1069 1352; baseline 0.001 -11"><span class='ocrx_word' id='word_1_55' title='bbox 178 1295 238 1341; x_wconf 88' lang='lat' dir='ltr'>tum</span> <span class='ocrx_word' id='word_1_56' title='bbox 252 1284 287 1341; x_wconf 90' lang='lat' dir='ltr'>de</span> <span class='ocrx_word' id='word_1_57' title='bbox 301 1284 400 1352; x_wconf 89' lang='lat' dir='ltr'>salute,</span> <span class='ocrx_word' id='word_1_58' title='bbox 414 1303 479 1341; x_wconf 85' lang='lat' dir='ltr'>mox</span> <span class='ocrx_word' id='word_1_59' title='bbox 493 1284 528 1340; x_wconf 94' lang='lat' dir='ltr'>de</span> <span class='ocrx_word' id='word_1_60' title='bbox 542 1283 668 1351; x_wconf 88' lang='lat' dir='ltr'>victoria,</span> <span class='ocrx_word' id='word_1_61' title='bbox 687 1292 838 1341; x_wconf 87' lang='lat' dir='ltr'>certavere.</span> <span class='ocrx_word' id='word_1_62' title='bbox 878 1283 958 1348; x_wconf 84' lang='lat' dir='ltr'>Quae</span> <span class='ocrx_word' id='word_1_63' title='bbox 973 1294 1069 1343; x_wconf 87' lang='lat' dir='ltr'>cuncta</span> 
     </span>
     <span class='ocr_line' id='line_1_10' title="bbox 178 1388 1068 1465; baseline 0.001 -19"><span class='ocrx_word' id='word_1_64' title='bbox 178 1390 231 1446; x_wconf 91' lang='lat' dir='ltr'>etsi</span> <span class='ocrx_word' id='word_1_65' title='bbox 245 1389 366 1446; x_wconf 90' lang='lat' dir='ltr'>consiliis</span> <span class='ocrx_word' id='word_1_66' title='bbox 382 1388 524 1465; x_wconf 86' lang='lat' dir='ltr'>ductuque</span> <span class='ocrx_word' id='word_1_67' title='bbox 538 1388 652 1445; x_wconf 90' lang='lat' dir='ltr'>alterius</span> <span class='ocrx_word' id='word_1_68' title='bbox 669 1389 831 1465; x_wconf 79' lang='lat' dir='ltr'>agebantur,</span> <span class='ocrx_word' id='word_1_69' title='bbox 853 1407 885 1445; x_wconf 90' lang='lat' dir='ltr'>ac</span> <span class='ocrx_word' id='word_1_70' title='bbox 906 1408 1016 1447; x_wconf 90' lang='lat' dir='ltr'>summa</span> <span class='ocrx_word' id='word_1_71' title='bbox 1029 1409 1068 1447; x_wconf 92' lang='lat' dir='ltr'>re·</span> 
     </span>
     <span class='ocr_line' id='line_1_11' title="bbox 178 1493 1066 1572; baseline -0.001 -20"><span class='ocrx_word' id='word_1_72' title='bbox 178 1513 241 1551; x_wconf 90' lang='lat' dir='ltr'>rum</span> <span class='ocrx_word' id='word_1_73' title='bbox 265 1503 293 1552; x_wconf 92' lang='lat' dir='ltr'>et</span> <span class='ocrx_word' id='word_1_74' title='bbox 316 1495 486 1572; x_wconf 84' lang='lat' dir='ltr'>reciperatae</span> <span class='ocrx_word' id='word_1_75' title='bbox 509 1494 669 1571; x_wconf 90' lang='lat' dir='ltr'>provinciae</span> <span class='ocrx_word' id='word_1_76' title='bbox 691 1493 781 1571; x_wconf 85' lang='lat' dir='ltr'>gloria</span> <span class='ocrx_word' id='word_1_77' title='bbox 807 1494 836 1550; x_wconf 93' lang='lat' dir='ltr'>in</span> <span class='ocrx_word' id='word_1_78' title='bbox 859 1493 957 1551; x_wconf 88' lang='lat' dir='ltr'>ducem</span> <span class='ocrx_word' id='word_1_79' title='bbox 978 1496 1066 1561; x_wconf 80' lang='lat' dir='ltr'>cessit,</span> 
     </span>
     <span class='ocr_line' id='line_1_12' title="bbox 175 1597 1066 1677; baseline -0.001 -20"><span class='ocrx_word' id='word_1_80' title='bbox 175 1609 264 1657; x_wconf 90' lang='lat' dir='ltr'>artem</span> <span class='ocrx_word' id='word_1_81' title='bbox 278 1609 306 1657; x_wconf 86' lang='lat' dir='ltr'>et</span> <span class='ocrx_word' id='word_1_82' title='bbox 319 1619 401 1657; x_wconf 88' lang='lat' dir='ltr'>usum</span> <span class='ocrx_word' id='word_1_83' title='bbox 418 1610 446 1657; x_wconf 90' lang='lat' dir='ltr'>et</span> <span class='ocrx_word' id='word_1_84' title='bbox 469 1598 597 1657; x_wconf 89' lang='lat' dir='ltr'>stimulos</span> <span class='ocrx_word' id='word_1_85' title='bbox 616 1597 747 1656; x_wconf 88' lang='lat' dir='ltr'>addidere</span> <span class='ocrx_word' id='word_1_86' title='bbox 763 1599 881 1675; x_wconf 84' lang='lat' dir='ltr'>juveni:</span> <span class='ocrx_word' id='word_1_87' title='bbox 900 1600 1066 1677; x_wconf 83' lang='lat' dir='ltr'>intravitque</span> 
     </span>
     <span class='ocr_line' id='line_1_13' title="bbox 97 1702 1064 1781; baseline 0.001 -21"><span class='ocrx_word' id='word_1_88' title='bbox 97 1756 100 1760; x_wconf 89' lang='lat'>.</span> <span class='ocrx_word' id='word_1_89' title='bbox 174 1706 297 1762; x_wconf 88' lang='lat' dir='ltr'>animum</span> <span class='ocrx_word' id='word_1_90' title='bbox 310 1704 436 1762; x_wconf 87' lang='lat' dir='ltr'>militaris</span> <span class='ocrx_word' id='word_1_91' title='bbox 451 1705 558 1781; x_wconf 82' lang='lat' dir='ltr'>gloriae</span> <span class='ocrx_word' id='word_1_92' title='bbox 572 1702 681 1781; x_wconf 91' lang='lat' dir='ltr'>cupido,</span> <span class='ocrx_word' id='word_1_93' title='bbox 701 1704 811 1779; x_wconf 82' lang='lat' dir='ltr'>ingrata</span> <span class='ocrx_word' id='word_1_94' title='bbox 823 1704 994 1780; x_wconf 86' lang='lat' dir='ltr'>temporibus</span> <span class='ocrx_word' id='word_1_95' title='bbox 1007 1705 1064 1781; x_wconf 91' lang='lat' dir='ltr'>qui·</span> 
     </span>
     <span class='ocr_line' id='line_1_14' title="bbox 173 1809 1063 1887; baseline 0 -20"><span class='ocrx_word' id='word_1_96' title='bbox 173 1812 226 1868; x_wconf 93' lang='lat' dir='ltr'>bus</span> <span class='ocrx_word' id='word_1_97' title='bbox 240 1810 353 1867; x_wconf 90' lang='lat' dir='ltr'>sinistra</span> <span class='ocrx_word' id='word_1_98' title='bbox 367 1830 435 1887; x_wconf 87' lang='lat' dir='ltr'>erga</span> <span class='ocrx_word' id='word_1_99' title='bbox 448 1810 601 1867; x_wconf 86' lang='lat' dir='ltr'>eminentes</span> <span class='ocrx_word' id='word_1_100' title='bbox 616 1810 817 1885; x_wconf 86' lang='lat' dir='ltr'>interpretatio,</span> <span class='ocrx_word' id='word_1_101' title='bbox 828 1828 880 1866; x_wconf 91' lang='lat' dir='ltr'>nec</span> <span class='ocrx_word' id='word_1_102' title='bbox 889 1809 981 1881; x_wconf 81' lang='lat' dir='ltr'>minus</span> <span class='ocrx_word' id='word_1_103' title='bbox 995 1810 1063 1887; x_wconf 89' lang='lat' dir='ltr'>peri-</span> 
     </span>
    </p>
   </div>
   <div class='ocr_carea' id='block_1_3' title="bbox 172 1908 765 2015">
    <p class='ocr_par' dir='ltr' id='par_1_3' title="bbox 172 1908 765 2015">
     <span class='ocr_line' id='line_1_15' title="bbox 172 1908 765 2015; baseline -0.005 -42"><span class='ocrx_word' id='word_1_104' title='bbox 172 1916 265 1973; x_wconf 92' lang='lat' dir='ltr'>culum</span> <span class='ocrx_word' id='word_1_105' title='bbox 279 1936 313 1973; x_wconf 82' lang='lat' dir='ltr'>ex</span> <span class='ocrx_word' id='word_1_106' title='bbox 325 1935 428 1993; x_wconf 82' lang='lat' dir='ltr'>magna</span> <span class='ocrx_word' id='word_1_107' title='bbox 440 1908 524 2015; x_wconf 48' lang='lat' dir='ltr'>iamsi,</span> <span class='ocrx_word' id='word_1_108' title='bbox 539 1934 623 1991; x_wconf 92' lang='lat' dir='ltr'>quam</span> <span class='ocrx_word' id='word_1_109' title='bbox 637 1934 671 1971; x_wconf 81' lang='lat' dir='ltr'>ex</span> <span class='ocrx_word' id='word_1_110' title='bbox 683 1915 765 1971; x_wconf 89' lang='lat' dir='ltr'>mala.</span> 
     </span>
    </p>
   </div>
   <div class='ocr_carea' id='block_1_4' title="bbox 159 2020 1060 3674">
    <p class='ocr_par' dir='ltr' id='par_1_4' title="bbox 159 2020 1060 3674">
     <span class='ocr_line' id='line_1_16' title="bbox 210 2020 1060 2098; baseline -0.005 -18"><span class='ocrx_word' id='word_1_111' title='bbox 210 2022 263 2080; x_wconf 89' lang='lat' dir='ltr'>VI.</span> <span class='ocrx_word' id='word_1_112' title='bbox 312 2022 389 2079; x_wconf 88' lang='lat' dir='ltr'>Hinc</span> <span class='ocrx_word' id='word_1_113' title='bbox 402 2020 438 2078; x_wconf 96' lang='lat' dir='ltr'>ad</span> <span class='ocrx_word' id='word_1_114' title='bbox 458 2021 642 2098; x_wconf 89' lang='lat' dir='ltr'>capessendos</span> <span class='ocrx_word' id='word_1_115' title='bbox 659 2021 836 2096; x_wconf 86' lang='lat' dir='ltr'>magistratus</span> <span class='ocrx_word' id='word_1_116' title='bbox 855 2021 884 2076; x_wconf 89' lang='lat' dir='ltr'>in</span> <span class='ocrx_word' id='word_1_117' title='bbox 902 2021 1000 2077; x_wconf 90' lang='lat' dir='ltr'>urbem</span> <span class='ocrx_word' id='word_1_118' title='bbox 1023 2020 1060 2077; x_wconf 86' lang='lat' dir='ltr'>dl·</span> 
     </span>
     <span class='ocr_line' id='line_1_17' title="bbox 170 2125 1060 2204; baseline -0.003 -19"><span class='ocrx_word' id='word_1_119' title='bbox 170 2147 293 2204; x_wconf 81' lang='lat' dir='ltr'>gressus,</span> <span class='ocrx_word' id='word_1_120' title='bbox 308 2128 463 2184; x_wconf 88' lang='lat' dir='ltr'>Domitiam</span> <span class='ocrx_word' id='word_1_121' title='bbox 484 2125 677 2194; x_wconf 88' lang='lat' dir='ltr'>Decidianam,</span> <span class='ocrx_word' id='word_1_122' title='bbox 699 2125 850 2202; x_wconf 90' lang='lat' dir='ltr'>splendidis</span> <span class='ocrx_word' id='word_1_123' title='bbox 867 2126 1005 2183; x_wconf 87' lang='lat' dir='ltr'>natalibus</span> <span class='ocrx_word' id='word_1_124' title='bbox 1018 2143 1060 2182; x_wconf 91' lang='lat' dir='ltr'>or·</span> 
     </span>
     <span class='ocr_line' id='line_1_18' title="bbox 170 2230 1059 2329; baseline -0.007 -39"><span class='ocrx_word' id='word_1_125' title='bbox 170 2242 236 2300; x_wconf 89' lang='lat' dir='ltr'>tam,</span> <span class='ocrx_word' id='word_1_126' title='bbox 256 2233 309 2289; x_wconf 89' lang='lat' dir='ltr'>sibi</span> <span class='ocrx_word' id='word_1_127' title='bbox 321 2234 434 2329; x_wconf 62' lang='lat' dir='ltr'>jpnxim</span> <span class='ocrx_word' id='word_1_128' title='bbox 455 2231 538 2307; x_wconf 92' lang='lat' dir='ltr'>idque</span> <span class='ocrx_word' id='word_1_129' title='bbox 558 2232 765 2288; x_wconf 87' lang='lat' dir='ltr'>matrimonium</span> <span class='ocrx_word' id='word_1_130' title='bbox 786 2231 821 2288; x_wconf 91' lang='lat' dir='ltr'>ad</span> <span class='ocrx_word' id='word_1_131' title='bbox 839 2231 946 2307; x_wconf 91' lang='lat' dir='ltr'>majora</span> <span class='ocrx_word' id='word_1_132' title='bbox 963 2230 1059 2287; x_wconf 83' lang='lat' dir='ltr'>nitenti</span> 
     </span>
     <span class='ocr_line' id='line_1_19' title="bbox 170 2335 1058 2413; baseline -0.005 -20"><span class='ocrx_word' id='word_1_133' title='bbox 170 2336 253 2393; x_wconf 91' lang='lat' dir='ltr'>decus</span> <span class='ocrx_word' id='word_1_134' title='bbox 274 2356 307 2394; x_wconf 90' lang='lat' dir='ltr'>ac</span> <span class='ocrx_word' id='word_1_135' title='bbox 328 2337 413 2393; x_wconf 90' lang='lat' dir='ltr'>robur</span> <span class='ocrx_word' id='word_1_136' title='bbox 436 2336 511 2394; x_wconf 88' lang='lat' dir='ltr'>fuit:</span> <span class='ocrx_word' id='word_1_137' title='bbox 541 2337 727 2413; x_wconf 84' lang='lat' dir='ltr'>vixeruntque</span> <span class='ocrx_word' id='word_1_138' title='bbox 748 2336 819 2392; x_wconf 89' lang='lat' dir='ltr'>mira</span> <span class='ocrx_word' id='word_1_139' title='bbox 837 2335 992 2403; x_wconf 91' lang='lat' dir='ltr'>concordia,</span> <span class='ocrx_word' id='word_1_140' title='bbox 1011 2352 1058 2412; x_wconf 85' lang='lat' dir='ltr'>per</span> 
     </span>
     <span class='ocr_line' id='line_1_20' title="bbox 168 2439 1057 2517; baseline -0.002 -20"><span class='ocrx_word' id='word_1_141' title='bbox 168 2450 293 2498; x_wconf 89' lang='lat' dir='ltr'>mutuam</span> <span class='ocrx_word' id='word_1_142' title='bbox 308 2441 450 2498; x_wconf 87' lang='lat' dir='ltr'>caritatem</span> <span class='ocrx_word' id='word_1_143' title='bbox 464 2450 492 2498; x_wconf 90' lang='lat' dir='ltr'>et</span> <span class='ocrx_word' id='word_1_144' title='bbox 505 2442 626 2498; x_wconf 87' lang='lat' dir='ltr'>invicem</span> <span class='ocrx_word' id='word_1_145' title='bbox 640 2460 670 2498; x_wconf 92' lang='lat' dir='ltr'>se</span> <span class='ocrx_word' id='word_1_146' title='bbox 691 2439 899 2517; x_wconf 87' lang='lat' dir='ltr'>anteponendo;</span> <span class='ocrx_word' id='word_1_147' title='bbox 919 2440 973 2496; x_wconf 90' lang='lat' dir='ltr'>nisi</span> <span class='ocrx_word' id='word_1_148' title='bbox 985 2439 1057 2516; x_wconf 92' lang='lat' dir='ltr'>qnod</span> 
     </span>
     <span class='ocr_line' id='line_1_21' title="bbox 167 2526 1055 2622; baseline -0.005 -18"><span class='ocrx_word' id='word_1_149' title='bbox 167 2549 196 2604; x_wconf 92' lang='lat' dir='ltr'>in</span> <span class='ocrx_word' id='word_1_150' title='bbox 219 2548 294 2604; x_wconf 86' lang='lat' dir='ltr'>bona</span> <span class='ocrx_word' id='word_1_151' title='bbox 313 2565 399 2604; x_wconf 85' lang='lat' dir='ltr'>uxore</span> <span class='ocrx_word' id='word_1_152' title='bbox 423 2554 502 2603; x_wconf 91' lang='lat' dir='ltr'>tauto</span> <span class='ocrx_word' id='word_1_153' title='bbox 526 2547 617 2622; x_wconf 88' lang='lat' dir='ltr'>major</span> <span class='ocrx_word' id='word_1_154' title='bbox 635 2546 705 2615; x_wconf 89' lang='lat' dir='ltr'>laus,</span> <span class='ocrx_word' id='word_1_155' title='bbox 730 2554 834 2622; x_wconf 90' lang='lat' dir='ltr'>quanto</span> <span class='ocrx_word' id='word_1_156' title='bbox 852 2545 880 2601; x_wconf 91' lang='lat' dir='ltr'>in</span> <span class='ocrx_word' id='word_1_157' title='bbox 903 2526 976 2602; x_wconf 88' lang='lat' dir='ltr'>mala</span> <span class='ocrx_word' id='word_1_158' title='bbox 996 2544 1055 2621; x_wconf 88' lang='lat' dir='ltr'>plus</span> 
     </span>
     <span class='ocr_line' id='line_1_22' title="bbox 167 2642 1054 2730; baseline -0.005 -21"><span class='ocrx_word' id='word_1_159' title='bbox 167 2652 264 2730; x_wconf 91' lang='lat' dir='ltr'>culpae</span> <span class='ocrx_word' id='word_1_160' title='bbox 277 2660 329 2709; x_wconf 87' lang='lat' dir='ltr'>est.</span> <span class='ocrx_word' id='word_1_161' title='bbox 370 2649 436 2710; x_wconf 89' lang='lat' dir='ltr'>Sors</span> <span class='ocrx_word' id='word_1_162' title='bbox 451 2661 616 2727; x_wconf 87' lang='lat' dir='ltr'>quaesturae</span> <span class='ocrx_word' id='word_1_163' title='bbox 626 2642 801 2728; x_wconf 48' lang='lat' dir='ltr'>&#39;provinciam</span> <span class='ocrx_word' id='word_1_164' title='bbox 815 2651 923 2719; x_wconf 90' lang='lat' dir='ltr'>Asiam,</span> <span class='ocrx_word' id='word_1_165' title='bbox 942 2669 1054 2727; x_wconf 89' lang='lat' dir='ltr'>procon-</span> 
     </span>
     <span class='ocr_line' id='line_1_23' title="bbox 166 2756 1052 2832; baseline -0.005 -17"><span class='ocrx_word' id='word_1_166' title='bbox 166 2758 254 2815; x_wconf 88' lang='lat' dir='ltr'>sulem</span> <span class='ocrx_word' id='word_1_167' title='bbox 278 2756 403 2815; x_wconf 88' lang='lat' dir='ltr'>Salvium</span> <span class='ocrx_word' id='word_1_168' title='bbox 427 2756 580 2824; x_wconf 91' lang='lat' dir='ltr'>Titianum,</span> <span class='ocrx_word' id='word_1_169' title='bbox 605 2756 699 2814; x_wconf 87' lang='lat' dir='ltr'>dedit:</span> <span class='ocrx_word' id='word_1_170' title='bbox 729 2775 847 2832; x_wconf 90' lang='lat' dir='ltr'>quorum</span> <span class='ocrx_word' id='word_1_171' title='bbox 868 2766 967 2812; x_wconf 88' lang='lat' dir='ltr'>neutro</span> <span class='ocrx_word' id='word_1_172' title='bbox 991 2772 1052 2812; x_wconf 89' lang='lat' dir='ltr'>con·</span> 
     </span>
     <span class='ocr_line' id='line_1_24' title="bbox 165 2861 1052 2939; baseline -0.002 -20"><span class='ocrx_word' id='word_1_173' title='bbox 165 2872 263 2939; x_wconf 87' lang='lat' dir='ltr'>ruptus</span> <span class='ocrx_word' id='word_1_174' title='bbox 277 2872 338 2929; x_wconf 88' lang='lat' dir='ltr'>est;</span> <span class='ocrx_word' id='word_1_175' title='bbox 359 2881 529 2938; x_wconf 88' lang='lat' dir='ltr'>quamquam</span> <span class='ocrx_word' id='word_1_176' title='bbox 543 2869 571 2919; x_wconf 91' lang='lat' dir='ltr'>et</span> <span class='ocrx_word' id='word_1_177' title='bbox 584 2863 727 2939; x_wconf 88' lang='lat' dir='ltr'>provincia</span> <span class='ocrx_word' id='word_1_178' title='bbox 747 2861 824 2919; x_wconf 81' lang='lat' dir='ltr'>dives</span> <span class='ocrx_word' id='word_1_179' title='bbox 838 2881 870 2918; x_wconf 88' lang='lat' dir='ltr'>ac</span> <span class='ocrx_word' id='word_1_180' title='bbox 884 2869 980 2938; x_wconf 85' lang='lat' dir='ltr'>parata</span> <span class='ocrx_word' id='word_1_181' title='bbox 992 2878 1052 2936; x_wconf 83' lang='lat' dir='ltr'>pec·</span> 
     </span>
     <span class='ocr_line' id='line_1_25' title="bbox 166 2965 1050 3043; baseline -0.005 -20"><span class='ocrx_word' id='word_1_182' title='bbox 166 2967 301 3034; x_wconf 88' lang='lat' dir='ltr'>cantibus,</span> <span class='ocrx_word' id='word_1_183' title='bbox 329 2975 357 3023; x_wconf 92' lang='lat' dir='ltr'>et</span> <span class='ocrx_word' id='word_1_184' title='bbox 383 2965 535 3043; x_wconf 90' lang='lat' dir='ltr'>proconsul</span> <span class='ocrx_word' id='word_1_185' title='bbox 561 2967 591 3023; x_wconf 94' lang='lat' dir='ltr'>in</span> <span class='ocrx_word' id='word_1_186' title='bbox 619 2986 729 3024; x_wconf 91' lang='lat' dir='ltr'>omnem</span> <span class='ocrx_word' id='word_1_187' title='bbox 755 2966 914 3024; x_wconf 83' lang='lat' dir='ltr'>aviditatem</span> <span class='ocrx_word' id='word_1_188' title='bbox 942 2982 1050 3042; x_wconf 87' lang='lat' dir='ltr'>pronus,</span> 
     </span>
     <span class='ocr_line' id='line_1_26' title="bbox 165 3069 1050 3149; baseline 0.003 -25"><span class='ocrx_word' id='word_1_189' title='bbox 165 3069 336 3144; x_wconf 89' lang='lat' dir='ltr'>quantalibet</span> <span class='ocrx_word' id='word_1_190' title='bbox 359 3069 493 3127; x_wconf 84' lang='lat' dir='ltr'>facilitate</span> <span class='ocrx_word' id='word_1_191' title='bbox 520 3071 712 3149; x_wconf 87' lang='lat' dir='ltr'>redempturus</span> <span class='ocrx_word' id='word_1_192' title='bbox 734 3081 807 3129; x_wconf 88' lang='lat' dir='ltr'>esset</span> <span class='ocrx_word' id='word_1_193' title='bbox 828 3079 954 3128; x_wconf 90' lang='lat' dir='ltr'>mutuam</span> <span class='ocrx_word' id='word_1_194' title='bbox 974 3069 1050 3127; x_wconf 85' lang='lat' dir='ltr'>dissi·</span> 
     </span>
     <span class='ocr_line' id='line_1_27' title="bbox 162 3173 1048 3244; baseline 0.002 -15"><span class='ocrx_word' id='word_1_195' title='bbox 162 3173 342 3230; x_wconf 90' lang='lat' dir='ltr'>mulationem</span> <span class='ocrx_word' id='word_1_196' title='bbox 354 3176 430 3233; x_wconf 88' lang='lat' dir='ltr'>mali.</span> <span class='ocrx_word' id='word_1_197' title='bbox 471 3177 582 3234; x_wconf 88' lang='lat' dir='ltr'>Auctus</span> <span class='ocrx_word' id='word_1_198' title='bbox 606 3186 649 3233; x_wconf 90' lang='lat' dir='ltr'>est</span> <span class='ocrx_word' id='word_1_199' title='bbox 668 3178 707 3234; x_wconf 94' lang='lat' dir='ltr'>ibi</span> <span class='ocrx_word' id='word_1_200' title='bbox 730 3177 796 3244; x_wconf 91' lang='lat' dir='ltr'>tilia,</span> <span class='ocrx_word' id='word_1_201' title='bbox 815 3177 844 3232; x_wconf 90' lang='lat' dir='ltr'>in</span> <span class='ocrx_word' id='word_1_202' title='bbox 858 3176 1009 3233; x_wconf 87' lang='lat' dir='ltr'>subsidium</span> <span class='ocrx_word' id='word_1_203' title='bbox 1022 3183 1048 3230; x_wconf 85' lang='lat' dir='ltr'>et</span> 
     </span>
     <span class='ocr_line' id='line_1_28' title="bbox 163 3275 1049 3339; baseline 0.003 -7"><span class='ocrx_word' id='word_1_204' title='bbox 163 3275 292 3332; x_wconf 84' lang='lat' dir='ltr'>solatium</span> <span class='ocrx_word' id='word_1_205' title='bbox 306 3275 388 3333; x_wconf 90' lang='lat' dir='ltr'>simul</span> <span class='ocrx_word' id='word_1_206' title='bbox 402 3298 410 3335; x_wconf 76' lang='lat' dir='ltr'>t</span> <span class='ocrx_word' id='word_1_207' title='bbox 455 3298 500 3335; x_wconf 89' lang='lat' dir='ltr'>am</span> <span class='ocrx_word' id='word_1_208' title='bbox 514 3280 603 3338; x_wconf 90' lang='lat' dir='ltr'>tilium</span> <span class='ocrx_word' id='word_1_209' title='bbox 623 3290 687 3338; x_wconf 89' lang='lat' dir='ltr'>ante</span> <span class='ocrx_word' id='word_1_210' title='bbox 706 3283 845 3339; x_wconf 91' lang='lat' dir='ltr'>sublatum</span> <span class='ocrx_word' id='word_1_211' title='bbox 858 3282 937 3338; x_wconf 91' lang='lat' dir='ltr'>brevi</span> <span class='ocrx_word' id='word_1_212' title='bbox 951 3280 1049 3339; x_wconf 83' lang='lat' dir='ltr'>amisit.</span> 
     </span>
     <span class='ocr_line' id='line_1_29' title="bbox 161 3381 1045 3464; baseline 0.002 -25"><span class='ocrx_word' id='word_1_213' title='bbox 161 3381 233 3439; x_wconf 86' lang='lat' dir='ltr'>Mox</span> <span class='ocrx_word' id='word_1_214' title='bbox 246 3382 319 3439; x_wconf 91' lang='lat' dir='ltr'>inter</span> <span class='ocrx_word' id='word_1_215' title='bbox 337 3391 514 3459; x_wconf 87' lang='lat' dir='ltr'>quaesturam</span> <span class='ocrx_word' id='word_1_216' title='bbox 527 3404 559 3442; x_wconf 91' lang='lat' dir='ltr'>ac</span> <span class='ocrx_word' id='word_1_217' title='bbox 574 3387 744 3444; x_wconf 88' lang='lat' dir='ltr'>tribunatum</span> <span class='ocrx_word' id='word_1_218' title='bbox 761 3387 849 3464; x_wconf 90' lang='lat' dir='ltr'>plebis</span> <span class='ocrx_word' id='word_1_219' title='bbox 863 3396 947 3463; x_wconf 88' lang='lat' dir='ltr'>atque</span> <span class='ocrx_word' id='word_1_220' title='bbox 960 3387 1045 3463; x_wconf 90' lang='lat' dir='ltr'>ipsum</span> 
     </span>
     <span class='ocr_line' id='line_1_30' title="bbox 159 3488 1042 3569; baseline 0.006 -25"><span class='ocrx_word' id='word_1_221' title='bbox 159 3488 242 3544; x_wconf 90' lang='lat' dir='ltr'>etiam</span> <span class='ocrx_word' id='word_1_222' title='bbox 266 3488 423 3545; x_wconf 87' lang='lat' dir='ltr'>tribunatus</span> <span class='ocrx_word' id='word_1_223' title='bbox 444 3508 548 3546; x_wconf 89' lang='lat' dir='ltr'>annum</span> <span class='ocrx_word' id='word_1_224' title='bbox 567 3492 659 3567; x_wconf 89' lang='lat' dir='ltr'>quiete</span> <span class='ocrx_word' id='word_1_225' title='bbox 680 3502 708 3549; x_wconf 90' lang='lat' dir='ltr'>et</span> <span class='ocrx_word' id='word_1_226' title='bbox 731 3493 787 3551; x_wconf 90' lang='lat' dir='ltr'>otio</span> <span class='ocrx_word' id='word_1_227' title='bbox 807 3494 926 3559; x_wconf 90' lang='lat' dir='ltr'>transiit,</span> <span class='ocrx_word' id='word_1_228' title='bbox 944 3508 1042 3569; x_wconf 73' lang='lat' dir='ltr'>gnarus</span> 
     </span>
     <span class='ocr_line' id='line_1_31' title="bbox 159 3591 1041 3674; baseline 0.001 -26"><span class='ocrx_word' id='word_1_229' title='bbox 159 3593 211 3649; x_wconf 85' lang='lat' dir='ltr'>sub</span> <span class='ocrx_word' id='word_1_230' title='bbox 225 3591 338 3650; x_wconf 91' lang='lat' dir='ltr'>Nerone</span> <span class='ocrx_word' id='word_1_231' title='bbox 350 3601 516 3670; x_wconf 89' lang='lat' dir='ltr'>temporum,</span> <span class='ocrx_word' id='word_1_232' title='bbox 538 3596 639 3671; x_wconf 89' lang='lat' dir='ltr'>quibus</span> <span class='ocrx_word' id='word_1_233' title='bbox 657 3597 757 3653; x_wconf 88' lang='lat' dir='ltr'>inertia</span> <span class='ocrx_word' id='word_1_234' title='bbox 772 3616 823 3674; x_wconf 92' lang='lat' dir='ltr'>pro</span> <span class='ocrx_word' id='word_1_235' title='bbox 837 3598 971 3674; x_wconf 88' lang='lat' dir='ltr'>sapientia</span> <span class='ocrx_word' id='word_1_236' title='bbox 982 3594 1041 3652; x_wconf 76' lang='lat' dir='ltr'>fuit</span> 
     </span>
    </p>
   </div>
   <div class='ocr_carea' id='block_1_5' title="bbox 0 0 1126 3992">
    <p class='ocr_par' dir='ltr' id='par_1_5' title="bbox 0 0 1126 3992">
     <span class='ocr_line' id='line_1_32' title="bbox 0 0 1126 3992; baseline 0 8"><span class='ocrx_word' id='word_1_237' title='bbox 0 0 1126 3992; x_wconf 95' lang='lat' dir='ltr'> </span> 
     </span>
    </p>
   </div>
  </div>
 </body>
</html>
