2242 3992
161 330 201 386 64
533 344 681 387 racrrus.

159 483 282 562 parentis
306 482 408 559 erepti„
424 489 509 558 auget
531 466 707 551 maestitiam,
730 483 807 560 quod
828 483 955 561 adsidere
978 480 1057 539 vale-

127 614 129 625 ·
160 593 258 662 tudini,
279 591 375 649 fovere
396 591 582 669 deiicientem,
602 591 697 649 satiari
716 591 806 661 vultu,
820 592 978 669 complexu,
998 611 1056 648 non

160 696 303 779 contigit.¹
328 703 542 780 Excepissemus
564 680 641 759 certe
659 700 790 758 mandata
809 721 959 785 vocesque,
986 720 1055 778 quas

115 831 119 836 ·
160 810 270 887 penitus
292 810 384 871 animo
406 808 565 893 figeremus.
616 805 722 863 Noster
745 805 792 888 hic
815 786 902 875 dolor,
924 816 1064 865 nostrum·

159 916 280 984 vulnus3
299 917 380 975 nobis
393 924 452 981 tam
465 915 566 995 longae
580 913 722 970 absentiae
735 888 893 970 conditione
906 923 975 971 ante
989 931 1056 990 qua·

161 1017 317 1077 driennium
332 1018 449 1081 amissus
464 1037 503 1083 ee.
538 1016 643 1097 Omnia
655 1017 714 1075 sine
729 1015 821 1085 dubie,
836 1017 939 1093 optime
952 1035 1056 1115 pareu-

159 1086 231 1191 tum:
251 1122 395 1181 adsidente
422 1121 612 1203 amantissima
638 1140 734 1191 uxore,
762 1096 939 1198 superfuere!
952 1120 1055 1179 honori

159 1236 227 1285 tuo:
244 1227 423 1303 paucioribus
442 1234 536 1283 tamen
550 1225 672 1287 lacrimis
686 1196 898 1307 coopoiiiusied,
912 1234 942 1289 et
961 1227 1055 1284 novis·

99 1392 104 1397 ,
122 1308 139 1387 i
159 1333 230 1390 sima
242 1333 272 1388 in
285 1331 347 1388 luce
362 1306 554 1388 desideratore
567 1330 673 1407 aliquid
686 1330 759 1388 oculi
771 1332 822 1391 tui.

142 1421 148 1430 ⁶
200 1424 309 1494 XLVI.
361 1435 391 1499 si
409 1436 471 1512 quis
486 1437 599 1513 piorum
616 1437 850 1517 manibuslocus,
871 1438 903 1505 si,
925 1445 959 1494 ut
983 1437 1054 1514 sapi·

159 1541 269 1605 entibus
287 1541 387 1619 placet,
404 1560 460 1621 noa
479 1561 544 1600 cum
557 1562 678 1619 corpore
698 1543 913 1618 exstinguuntur
933 1560 1053 1619 magnae

91 1626 96 1639 „
159 1647 275 1716 animae,
296 1647 404 1725 placide
424 1649 559 1725 quiescas,
579 1668 695 1726 pesque,
714 1648 826 1717 domum
844 1657 930 1717 tuam,
955 1648 994 1705 ab
1012 1648 1053 1703 in·

118 1826 121 1835 A
159 1751 244 1827 firmo
259 1752 396 1839 desiderio
423 1762 451 1810 et
471 1753 654 1812 muliebribus
674 1732 811 1815 lamentis,
826 1753 863 1812 ad
882 1752 1053 1833 comtempla·
1102 1816 1106 1829 ¹

125 1894 133 1905 ‹
158 1858 263 1914 tionem
276 1858 412 1931 virtutum
425 1867 538 1933 tuarum
550 1858 645 1943 voees,
659 1879 728 1950 quas
741 1877 832 1935 neque
850 1834 1051 1934 lugerineque

123 1934 254 2040 :plangi
274 1963 318 2021 fas
340 1950 402 2022 esti
429 1964 611 2021 admiratione
634 1973 663 2020 te
680 1964 782 2041 potius,
809 1972 838 2020 et
857 1963 1064 2029 inmortalibus,

158 2068 296 2138 laudibus,
316 2078 353 2139 et,
368 2070 392 2126 si
412 2078 513 2127 natura
532 2068 698 2146 suppeditet,
719 2068 858 2126 aemulatu
879 2062 1057 2125 decoremus,

160 2177 188 2234 Is
209 2196 292 2234 verus
310 2177 410 2245 honos,
428 2189 462 2239 ea
480 2162 701 2254 conjunctissimi
722 2173 856 2253 cujusque
877 2177 978 2259 pietas.
1020 2175 1051 2233 ld

159 2282 232 2339 filiae
248 2301 359 2358 quoque
372 2281 506 2359 uxorique
526 2282 723 2359 praeceperim,
737 2281 778 2342 sic
795 2280 891 2366 patris,
906 2281 946 2337 sie
958 2279 1052 2339 mariti

158 2387 321 2444 memoriam
333 2387 470 2455 venerari,
484 2394 516 2444 ut
529 2387 623 2449 onmia
640 2384 860 2483 saepedictaque
877 2385 940 2460 ejus
957 2402 1052 2442 secum

159 2489 313 2559 revolvant,
326 2490 486 2568 famamque
504 2510 537 2549 ac
550 2464 675 2570 issdfaib
692 2468 777 2563 adfini
790 2491 879 2566 magis
893 2480 980 2567 quam
993 2508 1052 2546 cor·

159 2594 234 2671 poris
262 2594 489 2676 conplectantur:
520 2614 577 2652 non
609 2596 676 2672 quia
701 2593 930 2652 intercedendum
957 2602 1051 2671 putem

158 2699 334 2775 imaginibus,
355 2718 427 2775 quae
447 2717 587 2757 marmore
611 2708 660 2756 aut
683 2718 747 2756 aere
771 2699 933 2775 fingentum
954 2699 1005 2756 sed
1022 2707 1051 2755 ut

159 2805 253 2862 vultus
273 2804 427 2874 hominum,
447 2804 487 2862 ita
505 2804 654 2862 simulacra
666 2805 761 2862 vultus
779 2804 909 2867 inbecilla
926 2823 960 2861 ac
977 2823 1051 2861 mor·

158 2909 226 2966 talia
239 2918 312 2980 sunt,
325 2910 418 2967 forma
436 2910 539 2968 mentis
558 2890 688 2978 aetema3
708 2929 793 2988 quam
811 2918 906 2967 tenere
920 2919 949 2966 et
962 2911 1052 2987 expri-

159 3034 244 3082 mere,
258 3033 315 3072 non
328 3035 378 3095 per
392 3016 511 3074 alienam
528 3017 675 3074 materiam
696 3026 724 3074 et
742 3026 840 3087 artem,
855 3017 978 3074 sedtuis
992 3018 1051 3095 ipse

159 3123 284 3180 moribus
297 3123 396 3200 possis.
436 3110 582 3201 Quidquid
598 3110 633 3182 ex
648 3125 784 3202 Agricola
796 3126 959 3196 amavimus,
973 3125 1052 3203 quid·

160 3227 228 3305 quid
248 3228 341 3285 mirati
365 3248 470 3299 sumus,
488 3238 583 3288 manet
604 3249 822 3308 mansurumque
841 3240 884 3289 est
904 3232 933 3287 in
954 3232 1051 3289 animis

160 3333 313 3402 homiuum,
327 3334 357 3390 in
375 3335 539 3393 aeternitate
557 3343 723 3413 temporum,
739 3336 816 3394 fama
833 3356 936 3422 rerum.
978 3336 1051 3394 Nam

161 3438 264 3496 multos
288 3446 424 3507 veterum,
452 3439 529 3496 velut
555 3440 689 3515 inglorios
716 3451 745 3499 et
775 3418 921 3517 igriobiles,
949 3441 1050 3499 oblivio
1105 3518 1106 3523 ἵ

161 3534 276 3601 obruet:
298 3542 441 3618 Agricola,
468 3544 624 3619 posteritati
650 3554 779 3603 narratus
803 3556 832 3604 et
854 3547 982 3615 traditus,
1007 3567 1051 3605 su·

160 3654 267 3721 perstes
281 3647 343 3703 erit
