2242 3992
157 303 197 358 60
529 325 676 367 rscrrus.

1023 406 1030 439 l

158 462 353 520 secretioribus
366 462 527 521 ministeriis
540 465 657 522 missurn
671 466 707 523 ad
716 468 888 565 Agricolam,
900 468 1055 538 codicillos,

158 567 296 644 quibus
272 586 298 625 er
314 567 396 646 Syria
409 568 535 638 dabatur,
549 570 656 641 tulisse,
671 592 735 629 cum
752 572 910 652 praecepto,
924 583 964 643 ut,
979 575 1005 632 si
1025 575 1055 631 in
1112 610 1113 613 ι

157 673 302 732 Britannia
322 674 406 743 foret,
428 675 624 761 traderentur·
617 698 765 756 ‚eumque
785 680 947 738 libertum
938 701 968 738 m
989 680 1053 758 ipso

155 778 229 836 freto
247 799 343 837 coeam
335 750 470 837 'obuium
489 780 650 858 Agricolae,
665 803 701 841 ne
721 785 860 863 adpellato
880 787 993 864 quidem
1007 807 1052 856 eo,

156 884 192 942 sd
206 884 401 943 Domitianum
413 905 570 955 remeasse,
590 889 648 946 sive
662 909 760 947 verum
779 892 862 961 istud,
877 894 935 950 sive
954 912 988 950 ex
1008 893 1052 949 in·

153 995 236 1070 genio
259 994 392 1071 principis
412 994 508 1051 fictum
529 1014 563 1052 ac
583 999 770 1074 compositum·
790 1008 841 1057 est.
883 1000 1052 1057 Tradiderat

153 1099 265 1156 interim
280 1097 416 1177 Agricola
431 1101 586 1156 successori
603 1120 654 1158 sno
671 1104 843 1178 provinciam
861 1106 985 1181 quietam
1005 1112 1051 1161 tn·

154 1215 276 1281 tamque.
318 1203 372 1269 Ac,
391 1221 427 1259 ne
443 1203 574 1261 notabilis
595 1205 755 1264 celebritate
776 1217 804 1266 et
823 1209 982 1286 frequentia
1002 1230 1050 1268 oc·

154 1309 325 1368 currentium
337 1307 467 1364 introitus
481 1317 564 1376 esset,
578 1310 666 1368 vitato
680 1313 832 1372 amicornm
845 1315 945 1384 officio,
961 1325 1049 1373 necta
1097 1348 1113 1383 ῆι

154 1423 183 1477 in
204 1419 313 1484 urbem,
337 1424 422 1473 noctu
443 1417 472 1473 iu
493 1417 637 1494 palatium,
659 1420 699 1476 ita
720 1430 753 1479 nt
775 1433 954 1501 praeceptum
978 1435 1048 1493 erat,
1103 1386 1107 1405 ι

153 1525 246 1584 venit:
267 1532 454 1600 exceptusque
471 1523 551 1581 brevi
573 1526 678 1599 osculo,
696 1536 725 1584 et
742 1529 820 1587 nullo
838 1550 974 1617 sermone,
987 1541 1049 1589 tur

153 1631 206 1687 bae
230 1628 410 1686 servientium
432 1601 565 1684 inmintus
593 1636 644 1686 est.
700 1626 868 1703 Ceterum,
869 1634 900 1692 ιιι
923 1608 1059 1713 militare!

153 1754 263 1804 nomen,
285 1753 371 1811 grave
391 1733 464 1791 inter
482 1734 596 1801 otiosos,
615 1734 677 1791 aliis
697 1736 847 1796 virtutibus
869 1730 1054 1818 temperaret

152 1841 381 1918 tranquillitatem
394 1848 478 1918 atque
492 1841 580 1897 otium
594 1843 705 1917 penitus
720 1845 807 1914 anxit,
821 1846 898 1904 cultu
910 1845 1046 1914 modicus,
1107 1900 1111 1907 .

152 1966 280 2005 sermone
300 1944 400 2013 facilis,
427 1962 484 2002 uno
510 1952 559 2001 ant
586 1945 674 2003 altero
701 1949 853 2006 amicorum
881 1951 1045 2008 comitatus:

152 2053 221 2112 adeo
242 2061 274 2109 ιιι
292 2051 427 2128 plerique,
442 2050 542 2126 quibus
560 2069 677 2125 magnos
697 2053 773 2111 viros
791 2075 841 2132 per
865 2056 1045 2114 ambitionem

152 2158 298 2215 aestimare
311 2174 373 2212 mos
388 2161 440 2223 est,
454 2154 514 2210 viso
527 2154 717 2232 adspectoque
732 2159 867 2234 Agricola
880 2170 1046 2237 quaererent

150 2258 347 2335 famampauci
360 2258 618 2333 interpretarentur.

192 2374 272 2434 XLI.
313 2372 420 2434 Crebro
434 2395 484 2453 per
504 2395 552 2433 eos
572 2376 630 2433 dies
649 2374 723 2452 apud
736 2373 930 2431 Domitianum
943 2371 1046 2428 absens

151 2482 308 2551 adcusatna
322 2481 422 2539 absens
440 2482 584 2539 absolutus
602 2490 662 2539 est:
683 2501 767 2538 causa
782 2477 897 2556 periculi
914 2496 973 2534 non
992 2476 1046 2532 cri·

150 2608 215 2647 meu
236 2589 334 2672 ullum,
357 2597 406 2645 ant
428 2588 541 2664 querela
563 2588 632 2645 laesi
654 2588 827 2665 cujusquam,
834 2583 899 2661 used
917 2582 1045 2639 infensus

150 2695 300 2753 virtutibus
313 2694 450 2771 princeps,
469 2703 498 2750 et
515 2694 606 2770 gloria
623 2694 685 2762 viri,
699 2712 732 2750 ac
750 2682 901 2769 pessimum
917 2689 1044 2745 inimico·

150 2820 213 2858 rum
226 2820 324 2876 genus,
337 2799 492 2857 laudantes.
535 2799 574 2856 Et
594 2818 628 2856 ea
645 2800 772 2856 insecuta
790 2802 856 2852 sunt
873 2792 1045 2870 reipublicae

149 2914 283 2982 tempora,
298 2924 369 2981 quae
385 2904 461 2961 sileri
476 2903 642 2980 Agricolam
659 2921 716 2959 non
737 2901 879 2966 sinerent3
899 2905 941 2955 tot
961 2914 1043 2954 exer-

150 3015 220 3072 citus
234 3014 263 3069 in
277 3012 388 3070 Moesia
402 3011 557 3088 Daciaque,
572 3011 725 3070 Germania
744 3018 773 3067 et
787 3008 940 3076 Pannonia,
954 3016 1041 3064 teme·

149 3121 231 3177 ritate
244 3127 293 3176 aut
305 3138 355 3194 per
373 3118 513 3193 ignaviam
527 3118 629 3175 ducum
642 3118 755 3176 amissi:
775 3124 818 3174 tot
835 3115 969 3172 militares
989 3114 1043 3170 viri
1108 3170 1110 3175 .

150 3244 213 3282 cum
226 3232 269 3281 tot
282 3223 454 3281 cohortibus
451 3224 607 3301 expugnati
620 3232 649 3282 et
662 3223 751 3299 capti;
768 3241 821 3278 nec
831 3222 892 3298 jam
905 3220 940 3276 de
952 3219 1043 3276 limite

148 3328 257 3406 imperii
270 3336 299 3385 et
312 3328 379 3404 ripa,
398 3327 449 3385 sed
466 3328 500 3385 de
517 3329 642 3386 hibernis
660 3329 802 3405 legionum
820 3330 848 3383 et
867 3325 1043 3435 possessione

149 3433 312 3492 dubitatum.
353 3431 406 3500 Ita
420 3452 484 3489 cum
498 3433 600 3491 damna
618 3433 725 3491 damnis
746 3394 984 3497 continuarentur,
999 3434 1042 3485 at-

149 3561 204 3617 que
229 3541 320 3600 omnis
347 3558 436 3598 annua
462 3538 607 3599 funeribus
634 3548 663 3596 et
690 3538 814 3596 cladibus
849 3534 1041 3641 insigniretur,
