2242 3992
347 358 525 402 Arreston
546 360 643 400 nisan
665 361 687 400 1.
932 344 970 400 78

69 514 145 552 mum
156 497 243 566 milia,
253 497 415 574 legionariis
427 508 565 569 trecenos,
576 501 738 558 cohortibus
752 500 854 557 civium
866 497 959 556 Roma

69 620 173 658 norum
181 604 337 680 quingenos
346 606 679 663 nummosviritimdedit.
700 607 775 664 Tum
783 604 972 663 consultatum

4 752 6 773 ,
70 706 102 764 de
111 707 287 777 honoribus3
300 728 335 766 ex
349 712 414 786 quis
427 712 548 769 maxime
561 713 686 788 insignes
699 713 769 770 visi:
784 721 905 787 otperto
918 711 971 767 trr'-

68 815 198 889 raptati·
209 816 466 889 decoramentis,
482 816 584 875 Gallus
596 818 731 885 Asinius;
752 827 785 874 ut
795 815 886 893 leyum
899 815 970 872 luta-

69 940 133 977 rum
144 921 231 991 tituli,
245 924 383 979 victorum
391 922 463 980 obeo
472 925 601 999 pestium
610 922 739 980 oocwule
753 923 968 996 anteferrentur,

4 1044 6 1117 i
69 1025 100 1082 L.
115 1027 276 1083 Arruntius
290 1046 441 1085 censuere:
461 1028 582 1085 addebat
597 1028 724 1086 Messala
738 1027 877 1095 Valerius,
888 1047 968 1084 reno-

4 1120 5 1129 *
69 1134 198 1190 eundum
205 1153 261 1208 per
270 1153 359 1190 anuos
372 1137 619 1191 renumeratoris
629 1155 730 1192 nomen
744 1134 867 1192 Tiberii:
883 1134 969 1189 inter·

70 1243 241 1311 rogatusque
261 1254 278 1291 a
293 1235 415 1304 Tiberio,
431 1257 502 1294 num
515 1258 544 1295 se
557 1241 710 1296 moadame
723 1259 785 1296 eum
805 1241 969 1296 sententiam

4 1414 6 1417 ι
65 1341 253 1416 proruperunt,
269 1351 364 1415 sponte
380 1343 491 1411 diurne,
506 1345 658 1420 respondit,
676 1365 763 1422 reque
784 1348 815 1402 in
836 1347 882 1413 iis,
897 1364 968 1420 quae

69 1446 107 1500 sd
117 1464 180 1502 rem
188 1445 332 1520 publicem
339 1449 521 1521 pertinerent,
535 1450 648 1506 coasilio
661 1453 720 1507 nisi
728 1471 777 1508 suo
787 1470 915 1519 usurum,
927 1448 970 1506 rel

70 1569 133 1607 eum
141 1550 268 1626 periculo
280 1551 464 1630 effereriorn's:
485 1574 519 1611 ea
532 1555 592 1613 sola
606 1557 712 1633 speeies
726 1555 857 1613 adulandi
871 1574 967 1631 super·

70 1664 138 1712 erat.
172 1655 357 1714 Conclamant
376 1665 478 1733 patres,
497 1679 597 1734 corpus
616 1662 656 1716 ed
673 1679 771 1735 regrum
783 1659 907 1715 homnis
927 1678 967 1715 se·

72 1763 368 1834 nomrumferendum.
410 1761 531 1820 Remisit
546 1765 652 1822 Caesar
675 1764 823 1840 adroganti
836 1763 965 1820 modera-

72 1864 161 1932 tione3
174 1864 364 1943 populumque
377 1866 468 1924 edicto
478 1870 653 1940 munitae,
668 1879 700 1925 ut
711 1870 852 1945 quondam
865 1869 966 1925 nimiis

73 1970 269 2043 stadiisfeaus
282 1972 343 2027 diui
356 1970 434 2030 Julti
446 1973 608 2044 tardassent,
623 1977 664 2032 ite
678 1975 837 2051 Aepustum
856 1975 887 2031 irs
896 1974 966 2047 foro

67 2077 158 2149 pedm
179 2095 266 2151 quum
285 2077 318 2132 r'rr
339 2095 436 2151 eampo
460 2077 576 2148 Martis,
595 2081 657 2138 sede
674 2081 822 2148 destinato,
844 2081 966 2137 eremari

73 2178 173 2237 velleret.
213 2178 270 2235 Die
283 2179 391 2237 funeris
405 2181 507 2239 milites
521 2184 599 2241 velut
619 2185 757 2262 praesidio
769 2193 881 2252 stetere,
891 2184 964 2243 mul-

72 2290 131 2339 tum
147 2284 332 2342 inridentibus
355 2288 404 2362 qui
421 2287 475 2364 ipsi
492 2290 621 2348 viderant
641 2293 745 2368 quique
765 2312 783 2349 a
801 2291 963 2368 parentibus

73 2397 231 2465 receperant
251 2390 325 2447 diem
345 2389 425 2447 illum
444 2394 524 2451 crudi
541 2394 632 2452 adbuo
651 2397 758 2453 servitii
778 2403 807 2453 et
826 2396 963 2452 libertatis

72 2492 226 2571 inprospere
252 2496 395 2572 repetitae,
417 2517 481 2554 cum
501 2502 610 2557 occisus
631 2501 750 2559 dictator
775 2501 881 2560 Caesar
901 2500 962 2558 aliis

72 2600 225 2674 pessimum,
249 2601 312 2659 aliis
335 2604 534 2680 pulcerrimum
559 2605 669 2664 facinus
697 2608 858 2665 videretur:
888 2625 964 2662 nuno

72 2723 161 2762 senen
177 2708 340 2785 prinoipem,
356 2709 440 2787 longa
453 2713 585 2787 potentia,
599 2714 718 2789 provisis
731 2714 815 2771 etiam
828 2711 964 2769 heredum

73 2808 101 2863 iu
113 2828 169 2867 rem
181 2812 323 2889 publicum
337 2814 444 2891 opibus,
459 2817 562 2874 auxilio
574 2817 680 2874 scilicet
693 2817 806 2874 militari
816 2815 961 2882 tuendum,

72 2921 103 2969 ut
114 2917 254 2993 sepultura
263 2919 324 2994 ejus
339 2920 433 2995 quieta
446 2920 529 2978 foret.

110 3019 161 3079 IX.
199 3022 312 3081 Multus
331 3023 398 3082 hino
418 3025 478 3103 ipso
498 3027 532 3083 de
547 3028 680 3103 Augusto
701 3047 802 3096 sermo,
819 3027 961 3105 plerisque

74 3142 142 3181 vaus
152 3127 335 3186 mirantibus:
356 3131 429 3205 qaod
448 3133 522 3188 idem
541 3133 602 3190 dies
621 3137 724 3210 accepti
745 3136 886 3212 quendum
906 3137 962 3191 im-

6 3260 7 3267 1
67 3232 141 3303 perii
147 3235 281 3309 princepe
294 3243 322 3290 et
332 3235 405 3292 vitoe
417 3255 566 3310 supremus
573 3257 587 3300 ,·
607 3225 686 3314 'quod
698 3239 788 3297 Nolae
801 3241 834 3297 ire
847 3241 926 3298 domo
939 3248 966 3295 et

74 3334 197 3406 mattula
220 3340 252 3395 in
275 3355 330 3414 qao
348 3350 434 3414 pater
457 3343 516 3417 ey'us
538 3341 678 3412 Ostorius,
697 3347 785 3402 uitam
800 3320 961 3422 finivisset:

75 3457 203 3500 numus
220 3444 306 3501 etium
327 3443 521 3502 consulatuum
536 3447 732 3511 celebrabatur.
752 3470 805 3526 quo
822 3449 965 3507 Valerium

81 3540 197 3607 Cenum
222 3559 249 3608 et
270 3549 305 3609 C.
327 3549 462 3608 Marium
481 3552 569 3609 sirm
587 3564 777 3630 aequaverut;
809 3556 971 3613 anaunia

828 3673 852 3712 Η
