2242 3992
77 386 88 411 ,
142 332 181 391 70
499 348 662 392 «τΑσιτυε.

141 486 607 564 sumministratione
627 495 708 562 atque
726 485 813 545 insita
831 485 1038 561 Chadiaafa·

142 593 238 651 miliae
257 593 407 669 superbia,-
430 591 570 668 maitaqae
583 592 691 648 indicia
708 592 849 661 saevitiae,
863 612 1036 668 quamquam

136 707 316 773 premantur,
330 716 483 773 erumpere.
511 696 603 755 Hanc
614 707 641 754 et
647 699 748 772 prima
761 696 796 754 ah
809 697 938 770 infantia
955 699 1037 756 edac-

142 812 203 860 tam
229 802 262 859 io
287 803 366 860 doato
388 803 562 879 repoatrice3
591 811 724 878 carpasius
737 804 843 878 juveni
868 802 1036 872 malacus,

142 907 314 983 triumphem
338 926 373 964 nc
393 908 430 964 iia
456 907 568 982 quidem
595 907 690 974 anam,
713 907 813 982 quibas
836 907 930 964 Rhodi
948 911 1038 983 specie

142 1032 258 1070 secamus
266 1011 384 1070 emaiem
395 1012 486 1088 operit,
497 1011 608 1087 aliquid
614 1031 700 1087 qaam
711 1013 786 1068 iram
796 1021 822 1069 et
830 1011 1039 1099 simulationem

143 1128 169 1175 ct
188 1128 302 1176 accretas
317 1117 445 1175 libidines
465 1118 637 1175 meditatam.
679 1116 818 1174 aarum
835 1127 954 1175 matrem
975 1138 1040 1175 ma-

143 1221 223 1280 liebri
232 1222 403 1298 iapotantia:
419 1221 734 1294 serviendamsiminaa
747 1222 902 1298 daabasqac
921 1224 1040 1299 insuper

143 1327 361 1397 adolescentibus,
375 1328 426 1403 qai
437 1347 497 1385 rem
504 1326 649 1404 publicam
663 1329 777 1385 interim
789 1339 932 1404 prestant,
946 1349 1039 1404 qaan-

143 1433 230 1507 doquc
241 1432 404 1490 distrahant.
1014 1451 1047 1487 aa

185 1537 222 1593 V.
263 1536 343 1594 Haec
363 1545 447 1614 atque
464 1536 532 1594 talio
544 1536 714 1614 agitantibus
727 1555 893 1614 gravescere
906 1537 1041 1597 valetuuv
1114 1548 1115 1559 ¹

146 1643 286 1719 Augusti3
298 1652 327 1700 et
340 1643 453 1720 quidam
467 1643 557 1700 scelus
571 1643 666 1700 uxoris
680 1643 885 1719 suspectabaut.
926 1641 1040 1719 Quippe

145 1766 241 1805 rumor
253 1749 412 1818 incesserat,
426 1768 529 1827 paucos
548 1757 613 1807 ante
630 1767 741 1806 menses
758 1749 929 1824 Augustum,
943 1748 1040 1804 electis

145 1856 261 1913 consciis
276 1865 304 1913 ct
323 1856 423 1913 comite
441 1875 507 1924 uno,
527 1854 615 1913 Fabio
634 1853 771 1923 Maximo,
790 1854 950 1912 Planasiam
974 1873 1039 1910 vec·

144 1968 205 2018 tum
225 1960 262 2018 ad
282 1960 430 2019 visendum
445 1960 622 2037 Agrippam
642 1960 744 2017 multas
763 1959 821 2017 illic
838 1960 980 2035 utrimque
998 1959 1039 2016 la-

145 2067 245 2151 crimas
259 2076 288 2124 et
302 2068 383 2144 signa
396 2067 675 2153 cantatiQspemque
689 2063 860 2175 Ξέρξη
876 2071 909 2120 ut
924 2062 1038 2139 juvenis

145 2173 291 2250 penatibus
305 2174 350 2231 avi
363 2172 543 2239 redderetur:
557 2170 633 2247 quod
647 2162 804 2227 Maximum
817 2168 897 2225 uxori
911 2167 1039 2225 Marciae

115 2270 117 2273 ’
145 2276 297 2353 aperuisse3
321 2277 399 2334 illam
422 2275 542 2334 Liviae:
573 2295 693 2352 gnarum
718 2274 748 2331 id
776 2274 913 2333 Caesari:
946 2292 1040 2350 neque

144 2381 234 2437 multo
260 2389 324 2458 post
351 2380 487 2438 exstincto
515 2379 651 2448 Maximo,
681 2379 813 2457 (dubium
844 2397 880 2436 an
912 2380 1041 2455 quaesita

145 2481 261 2556 morta)
281 2485 390 2542 auditos
407 2485 437 2541 in
460 2484 560 2541 funere
584 2484 645 2559 ejus
664 2483 792 2541 Marciae
811 2484 932 2560 gemitus
950 2493 1040 2541 semet
1095 2490 1101 2501 “

145 2590 305 2659 incusantis,
324 2591 399 2666 qaod
413 2609 499 2647 caasa
517 2590 595 2647 exitii
613 2590 713 2646 marito
721 2589 837 2662 fuisset.
878 2589 1041 2666 Utcumque
1113 2624 1114 2675 3

146 2717 176 2754 se
196 2716 230 2754 ea
249 2715 294 2754 res
313 2695 420 2765 habuit,
439 2694 553 2752 vixdum
574 2695 717 2770 ingressus
738 2693 884 2773 Illyricum
906 2694 1040 2761 Tiberius

145 2802 270 2880 properis
291 2801 389 2859 matris
413 2800 501 2859 literis
521 2801 646 2857 accitur:
673 2786 765 2876 necue
786 2801 853 2857 satis
874 2807 1040 2875 conpertum
1113 2792 1114 2835 ἶ

145 2917 197 2976 est,
213 2908 363 2985 spirantem
382 2906 473 2964 adhuc
488 2907 651 2982 Augustum
669 2904 744 2982 apud
760 2905 859 2962 urbem
880 2903 984 2962 Nolam
1003 2924 1041 2961 an

146 3013 301 3069 exurimem
310 3013 480 3089 reppererit:
494 3011 605 3069 acribus
614 3029 734 3087 namque
743 3010 875 3067 custodiis
886 3009 1001 3067 domum
1011 3019 1041 3066 et

146 3118 206 3174 vias
225 3113 349 3194 sepserat
367 3116 466 3185 Livia3
485 3117 607 3193 laetique
627 3115 767 3173 interdum
780 3116 871 3173 nuntii
884 3115 1041 3191 vulgaban-

145 3235 201 3295 tur,
222 3225 310 3283 donec
330 3226 448 3302 provisis
467 3244 538 3301 quae
558 3234 668 3301 tempus
687 3225 827 3293 monebat,
841 3224 923 3282 simul
944 3244 1043 3283 exoss-

147 3331 216 3388 sisse
231 3331 394 3406 Augustum
414 3338 443 3387 et
462 3348 557 3389 rerum
577 3329 661 3406 potiri
681 3328 825 3388 Neronem
844 3329 920 3386 fama
941 3330 1042 3387 eadem

146 3435 220 3503 tulit.

187 3538 240 3599 vl.
280 3537 406 3599 Primum
428 3538 537 3595 facinus
560 3538 627 3595 novi
646 3539 817 3616 principatus
836 3538 892 3597 fuit
912 3537 1044 3597 Postumi
