<?xml version="1.0" encoding="UTF-8"?>
<!DOCTYPE html PUBLIC "-//W3C//DTD XHTML 1.0 Transitional//EN"
    "http://www.w3.org/TR/xhtml1/DTD/xhtml1-transitional.dtd">
<html xmlns="http://www.w3.org/1999/xhtml" xml:lang="en" lang="en">
 <head>
  <title>
</title>
<meta http-equiv="Content-Type" content="text/html;charset=utf-8" />
  <meta name='ocr-system' content='tesseract 3.04.00' />
  <meta name='ocr-capabilities' content='ocr_page ocr_carea ocr_par ocr_line ocrx_word'/>
</head>
<body>
  <div class='ocr_page' id='page_1' title='image "./germaniaagricol00btgoog_0103.png"; bbox 0 0 2242 3992; ppageno 0'>
   <div class='ocr_carea' id='block_1_1' title="bbox 437 321 972 379">
    <p class='ocr_par' dir='ltr' id='par_1_1' title="bbox 437 321 972 379">
     <span class='ocr_line' id='line_1_1' title="bbox 437 321 972 379; baseline -0.002 -1"><span class='ocrx_word' id='word_1_1' title='bbox 437 336 623 378; x_wconf 73' lang='grc'><strong>1111111111.</strong></span> <span class='ocrx_word' id='word_1_2' title='bbox 936 321 972 379; x_wconf 85' lang='grc'>19</span> 
     </span>
    </p>
   </div>
   <div class='ocr_carea' id='block_1_2' title="bbox 17 444 1062 2985">
    <p class='ocr_par' dir='ltr' id='par_1_2' title="bbox 17 444 1062 553">
     <span class='ocr_line' id='line_1_2' title="bbox 17 444 1062 553; baseline 0.008 -28"><span class='ocrx_word' id='word_1_3' title='bbox 17 444 19 519; x_wconf 82' lang='lat' dir='ltr'>l</span> <span class='ocrx_word' id='word_1_4' title='bbox 89 467 211 528; x_wconf 81' lang='lat' dir='ltr'>Rhenum</span> <span class='ocrx_word' id='word_1_5' title='bbox 225 471 444 551; x_wconf 74' lang='lat' dir='ltr'>Danubiumque</span> <span class='ocrx_word' id='word_1_6' title='bbox 458 475 643 544; x_wconf 77' lang='lat' dir='ltr'>consederint,</span> <span class='ocrx_word' id='word_1_7' title='bbox 658 495 716 544; x_wconf 86' lang='grc'><strong>101,</strong></span> <span class='ocrx_word' id='word_1_8' title='bbox 736 477 785 553; x_wconf 92' lang='lat' dir='ltr'>qui</span> <span class='ocrx_word' id='word_1_9' title='bbox 801 474 971 532; x_wconf 81' lang='lat' dir='ltr'>Decumates</span> <span class='ocrx_word' id='word_1_10' title='bbox 1057 525 1062 533; x_wconf 88' lang='lat'>.</span> 
     </span>
    </p>

    <p class='ocr_par' dir='ltr' id='par_1_3' title="bbox 17 577 974 658">
     <span class='ocr_line' id='line_1_3' title="bbox 17 577 974 658; baseline 0.006 -26"><span class='ocrx_word' id='word_1_11' title='bbox 17 602 19 607; x_wconf 89' lang='lat'><em>·</em></span> <span class='ocrx_word' id='word_1_12' title='bbox 86 586 313 651; x_wconf 77' lang='lat' dir='ltr'>agrosexeroent.</span> <span class='ocrx_word' id='word_1_13' title='bbox 352 577 524 637; x_wconf 80' lang='lat' dir='ltr'>Levissimus</span> <span class='ocrx_word' id='word_1_14' title='bbox 538 581 657 658; x_wconf 91' lang='lat' dir='ltr'>quisque</span> <span class='ocrx_word' id='word_1_15' title='bbox 672 581 974 658; x_wconf 86' lang='lat' dir='ltr'>Gallorum‚etinopia</span> 
     </span>
    </p>

    <p class='ocr_par' dir='ltr' id='par_1_4' title="bbox 17 682 1049 971">
     <span class='ocr_line' id='line_1_4' title="bbox 17 682 972 767; baseline 0.009 -27"><span class='ocrx_word' id='word_1_16' title='bbox 17 728 19 731; x_wconf 23' lang='lat' dir='ltr'>v</span> <span class='ocrx_word' id='word_1_17' title='bbox 86 684 174 754; x_wconf 81' lang='lat' dir='ltr'>audax,</span> <span class='ocrx_word' id='word_1_18' title='bbox 202 686 304 744; x_wconf 78' lang='lat' dir='ltr'>dubiae</span> <span class='ocrx_word' id='word_1_19' title='bbox 330 682 513 764; x_wconf 79' lang='lat' dir='ltr'>possessionis</span> <span class='ocrx_word' id='word_1_20' title='bbox 545 688 636 746; x_wconf 87' lang='lat' dir='ltr'>solum</span> <span class='ocrx_word' id='word_1_21' title='bbox 666 709 846 767; x_wconf 88' lang='lat' dir='ltr'>occupavere.</span> <span class='ocrx_word' id='word_1_22' title='bbox 901 692 972 751; x_wconf 82' lang='lat' dir='ltr'>Mor</span> 
     </span>
     <span class='ocr_line' id='line_1_5' title="bbox 85 785 1049 874; baseline 0.01 -30"><span class='ocrx_word' id='word_1_23' title='bbox 85 788 163 847; x_wconf 89' lang='lat' dir='ltr'>limite</span> <span class='ocrx_word' id='word_1_24' title='bbox 180 800 245 848; x_wconf 87' lang='lat' dir='ltr'>acto</span> <span class='ocrx_word' id='word_1_25' title='bbox 259 793 449 870; x_wconf 78' lang='lat' dir='ltr'>promotisque</span> <span class='ocrx_word' id='word_1_26' title='bbox 463 793 617 869; x_wconf 76' lang='lat' dir='ltr'>praesidiis,</span> <span class='ocrx_word' id='word_1_27' title='bbox 638 794 716 851; x_wconf 89' lang='lat' dir='ltr'>sinus</span> <span class='ocrx_word' id='word_1_28' title='bbox 736 795 846 872; x_wconf 86' lang='lat' dir='ltr'>imperii</span> <span class='ocrx_word' id='word_1_29' title='bbox 864 806 893 853; x_wconf 91' lang='lat' dir='ltr'>et</span> <span class='ocrx_word' id='word_1_30' title='bbox 908 805 979 874; x_wconf 86' lang='lat' dir='ltr'>pars</span> <span class='ocrx_word' id='word_1_31' title='bbox 1045 785 1049 793; x_wconf 46' lang='grc'><strong><em>’</em></strong></span> 
     </span>
     <span class='ocr_line' id='line_1_6' title="bbox 85 896 399 971; baseline 0.016 -21"><span class='ocrx_word' id='word_1_32' title='bbox 85 896 234 971; x_wconf 87' lang='lat' dir='ltr'>provinciae</span> <span class='ocrx_word' id='word_1_33' title='bbox 249 896 399 955; x_wconf 76' lang='lat' dir='ltr'>habentur.</span> 
     </span>
    </p>

    <p class='ocr_par' dir='ltr' id='par_1_5' title="bbox 17 989 974 1714">
     <span class='ocr_line' id='line_1_7' title="bbox 117 989 972 1083; baseline 0.005 -25"><span class='ocrx_word' id='word_1_34' title='bbox 117 998 211 1058; x_wconf 86' lang='lat' dir='ltr'><strong>XXX.</strong></span> <span class='ocrx_word' id='word_1_35' title='bbox 255 1001 340 1061; x_wconf 91' lang='lat' dir='ltr'>Ultra</span> <span class='ocrx_word' id='word_1_36' title='bbox 359 1001 412 1060; x_wconf 91' lang='lat' dir='ltr'>hos</span> <span class='ocrx_word' id='word_1_37' title='bbox 437 1002 513 1062; x_wconf 83' lang='lat' dir='ltr'>catti</span> <span class='ocrx_word' id='word_1_38' title='bbox 535 1003 646 1060; x_wconf 92' lang='lat' dir='ltr'>initium</span> <span class='ocrx_word' id='word_1_39' title='bbox 668 1004 743 1061; x_wconf 87' lang='lat' dir='ltr'>sedis</span> <span class='ocrx_word' id='word_1_40' title='bbox 766 1005 802 1062; x_wconf 90' lang='lat' dir='ltr'>ab</span> <span class='ocrx_word' id='word_1_41' title='bbox 827 989 972 1083; x_wconf 84' lang='lat' dir='ltr'>Hercynio</span> 
     </span>
     <span class='ocr_line' id='line_1_8' title="bbox 17 1103 974 1185; baseline 0.007 -25"><span class='ocrx_word' id='word_1_42' title='bbox 17 1110 18 1139; x_wconf 75' lang='lat'>³</span> <span class='ocrx_word' id='word_1_43' title='bbox 83 1103 147 1162; x_wconf 85' lang='lat' dir='ltr'>saltu</span> <span class='ocrx_word' id='word_1_44' title='bbox 166 1105 312 1175; x_wconf 85' lang='lat' dir='ltr'>inchoant,</span> <span class='ocrx_word' id='word_1_45' title='bbox 328 1126 385 1164; x_wconf 92' lang='lat' dir='ltr'>non</span> <span class='ocrx_word' id='word_1_46' title='bbox 409 1108 448 1166; x_wconf 89' lang='lat' dir='ltr'>ita</span> <span class='ocrx_word' id='word_1_47' title='bbox 473 1108 568 1165; x_wconf 86' lang='lat' dir='ltr'>effusis</span> <span class='ocrx_word' id='word_1_48' title='bbox 593 1128 626 1165; x_wconf 88' lang='lat' dir='ltr'>ac</span> <span class='ocrx_word' id='word_1_49' title='bbox 648 1108 817 1185; x_wconf 81' lang='lat' dir='ltr'>palustribus</span> <span class='ocrx_word' id='word_1_50' title='bbox 841 1109 919 1178; x_wconf 87' lang='lat' dir='ltr'>locis,</span> <span class='ocrx_word' id='word_1_51' title='bbox 942 1119 974 1167; x_wconf 92' lang='lat' dir='ltr'>ut</span> 
     </span>
     <span class='ocr_line' id='line_1_9' title="bbox 17 1192 973 1292; baseline 0.004 -25"><span class='ocrx_word' id='word_1_52' title='bbox 17 1192 18 1197; x_wconf 7' lang='grc' dir='ltr'>ἵ</span> <span class='ocrx_word' id='word_1_53' title='bbox 83 1218 182 1269; x_wconf 85' lang='lat' dir='ltr'>ceterae</span> <span class='ocrx_word' id='word_1_54' title='bbox 194 1212 356 1282; x_wconf 64' lang='lat' dir='ltr'>civitates·</span> <span class='ocrx_word' id='word_1_55' title='bbox 347 1233 378 1270; x_wconf 89' lang='lat' dir='ltr'>m</span> <span class='ocrx_word' id='word_1_56' title='bbox 399 1233 469 1290; x_wconf 90' lang='lat' dir='ltr'>quas</span> <span class='ocrx_word' id='word_1_57' title='bbox 490 1212 649 1274; x_wconf 88' lang='lat' dir='ltr'>Germania</span> <span class='ocrx_word' id='word_1_58' title='bbox 664 1216 800 1292; x_wconf 82' lang='lat' dir='ltr'>patescit:</span> <span class='ocrx_word' id='word_1_59' title='bbox 820 1214 958 1272; x_wconf 90' lang='lat' dir='ltr'>durant</span> <span class='ocrx_word' id='word_1_60' title='bbox 937 1235 973 1271; x_wconf 88' lang='grc'>11-</span> 
     </span>
     <span class='ocr_line' id='line_1_10' title="bbox 17 1280 972 1406; baseline 0.003 -34"><span class='ocrx_word' id='word_1_61' title='bbox 17 1280 183 1406; x_wconf 58' lang='lat' dir='ltr'>baqnidem</span> <span class='ocrx_word' id='word_1_62' title='bbox 203 1317 302 1387; x_wconf 90' lang='lat' dir='ltr'>colles,</span> <span class='ocrx_word' id='word_1_63' title='bbox 323 1318 515 1396; x_wconf 88' lang='lat' dir='ltr'>paulatimque</span> <span class='ocrx_word' id='word_1_64' title='bbox 537 1329 701 1387; x_wconf 81' lang='lat' dir='ltr'>rarescunt3</span> <span class='ocrx_word' id='word_1_65' title='bbox 732 1328 760 1377; x_wconf 92' lang='lat' dir='ltr'>et</span> <span class='ocrx_word' id='word_1_66' title='bbox 783 1319 882 1378; x_wconf 90' lang='lat' dir='ltr'>Cattos</span> <span class='ocrx_word' id='word_1_67' title='bbox 907 1339 972 1376; x_wconf 91' lang='lat' dir='ltr'>suos</span> 
     </span>
     <span class='ocr_line' id='line_1_11' title="bbox 17 1420 973 1502; baseline 0.004 -26"><span class='ocrx_word' id='word_1_68' title='bbox 17 1456 19 1497; x_wconf 59' lang='lat'>3</span> <span class='ocrx_word' id='word_1_69' title='bbox 84 1420 160 1479; x_wconf 78' lang='grc'><strong>1111111</strong></span> <span class='ocrx_word' id='word_1_70' title='bbox 175 1423 339 1500; x_wconf 85' lang='lat' dir='ltr'>Hercynius</span> <span class='ocrx_word' id='word_1_71' title='bbox 352 1425 532 1502; x_wconf 87' lang='lat' dir='ltr'>prosequitur</span> <span class='ocrx_word' id='word_1_72' title='bbox 546 1424 630 1481; x_wconf 89' lang='lat' dir='ltr'>simul</span> <span class='ocrx_word' id='word_1_73' title='bbox 643 1432 728 1500; x_wconf 85' lang='lat' dir='ltr'>atque</span> <span class='ocrx_word' id='word_1_74' title='bbox 747 1424 869 1502; x_wconf 87' lang='lat' dir='ltr'>deponit.</span> <span class='ocrx_word' id='word_1_75' title='bbox 910 1422 973 1480; x_wconf 91' lang='lat' dir='ltr'>Du·</span> 
     </span>
     <span class='ocr_line' id='line_1_12' title="bbox 17 1520 974 1607; baseline 0.004 -25"><span class='ocrx_word' id='word_1_76' title='bbox 17 1520 19 1607; x_wconf 64' lang='lat'>{</span> <span class='ocrx_word' id='word_1_77' title='bbox 84 1525 149 1584; x_wconf 89' lang='lat' dir='ltr'>riora</span> <span class='ocrx_word' id='word_1_78' title='bbox 159 1528 239 1603; x_wconf 86' lang='lat' dir='ltr'>genti</span> <span class='ocrx_word' id='word_1_79' title='bbox 254 1548 380 1606; x_wconf 77' lang='lat' dir='ltr'>corpora,</span> <span class='ocrx_word' id='word_1_80' title='bbox 395 1530 484 1587; x_wconf 87' lang='lat' dir='ltr'>stricti</span> <span class='ocrx_word' id='word_1_81' title='bbox 504 1537 592 1598; x_wconf 80' lang='lat' dir='ltr'>artua,</span> <span class='ocrx_word' id='word_1_82' title='bbox 615 1531 709 1587; x_wconf 81' lang='lat' dir='ltr'>minax</span> <span class='ocrx_word' id='word_1_83' title='bbox 723 1530 826 1598; x_wconf 87' lang='lat' dir='ltr'>vultus,</span> <span class='ocrx_word' id='word_1_84' title='bbox 841 1539 871 1587; x_wconf 86' lang='grc'>11</span> <span class='ocrx_word' id='word_1_85' title='bbox 884 1530 974 1606; x_wconf 88' lang='lat' dir='ltr'>major</span> 
     </span>
     <span class='ocr_line' id='line_1_13' title="bbox 17 1626 974 1714; baseline -0.001 -21"><span class='ocrx_word' id='word_1_86' title='bbox 17 1626 19 1671; x_wconf 30' lang='grc' dir='ltr'><strong><em>Γ</em></strong></span> <span class='ocrx_word' id='word_1_87' title='bbox 84 1633 159 1693; x_wconf 66' lang='lat' dir='ltr'>enimi</span> <span class='ocrx_word' id='word_1_88' title='bbox 172 1635 266 1711; x_wconf 85' lang='lat' dir='ltr'>vigor.</span> <span class='ocrx_word' id='word_1_89' title='bbox 306 1634 433 1693; x_wconf 90' lang='lat' dir='ltr'>Multum</span> <span class='ocrx_word' id='word_1_90' title='bbox 455 1636 595 1714; x_wconf 28' lang='lat' dir='ltr'>(utrint&#39;er</span> <span class='ocrx_word' id='word_1_91' title='bbox 615 1633 791 1708; x_wconf 86' lang='lat' dir='ltr'>Germanos)</span> <span class='ocrx_word' id='word_1_92' title='bbox 813 1636 928 1693; x_wconf 87' lang='lat' dir='ltr'>rationis</span> <span class='ocrx_word' id='word_1_93' title='bbox 941 1655 974 1693; x_wconf 89' lang='lat' dir='ltr'>ac</span> 
     </span>
    </p>

    <p class='ocr_par' dir='ltr' id='par_1_6' title="bbox 17 1737 976 2985">
     <span class='ocr_line' id='line_1_14' title="bbox 85 1737 975 1818; baseline 0.003 -24"><span class='ocrx_word' id='word_1_94' title='bbox 85 1737 232 1799; x_wconf 81' lang='lat' dir='ltr'>sollertiae:</span> <span class='ocrx_word' id='word_1_95' title='bbox 254 1759 425 1817; x_wconf 87' lang='lat' dir='ltr'>praeponere</span> <span class='ocrx_word' id='word_1_96' title='bbox 449 1741 561 1810; x_wconf 87' lang='lat' dir='ltr'>electos,</span> <span class='ocrx_word' id='word_1_97' title='bbox 580 1740 676 1798; x_wconf 88' lang='lat' dir='ltr'>audire</span> <span class='ocrx_word' id='word_1_98' title='bbox 690 1741 870 1818; x_wconf 62' lang='lat' dir='ltr'>praepositos</span> <span class='ocrx_word' id='word_1_99' title='bbox 891 1760 975 1797; x_wconf 89' lang='grc'><strong>110111</strong></span> 
     </span>
     <span class='ocr_line' id='line_1_15' title="bbox 84 1842 974 1921; baseline -0.002 -18"><span class='ocrx_word' id='word_1_100' title='bbox 84 1842 194 1913; x_wconf 79' lang='lat' dir='ltr'>ordines,</span> <span class='ocrx_word' id='word_1_101' title='bbox 212 1844 372 1921; x_wconf 85' lang='lat' dir='ltr'>intelligere</span> <span class='ocrx_word' id='word_1_102' title='bbox 386 1846 553 1914; x_wconf 80' lang='lat' dir='ltr'>occasiones,</span> <span class='ocrx_word' id='word_1_103' title='bbox 569 1844 680 1901; x_wconf 87' lang='lat' dir='ltr'>differre</span> <span class='ocrx_word' id='word_1_104' title='bbox 694 1846 812 1921; x_wconf 88' lang='lat' dir='ltr'>inpetus,</span> <span class='ocrx_word' id='word_1_105' title='bbox 828 1845 974 1921; x_wconf 85' lang='lat' dir='ltr'>disponere</span> 
     </span>
     <span class='ocr_line' id='line_1_16' title="bbox 86 1945 974 2019; baseline 0.006 -16"><span class='ocrx_word' id='word_1_106' title='bbox 86 1945 157 2018; x_wconf 81' lang='lat' dir='ltr'>diem,</span> <span class='ocrx_word' id='word_1_107' title='bbox 180 1950 290 2008; x_wconf 80' lang='lat' dir='ltr'>vallare</span> <span class='ocrx_word' id='word_1_108' title='bbox 313 1958 433 2019; x_wconf 84' lang='lat' dir='ltr'>noctem,</span> <span class='ocrx_word' id='word_1_109' title='bbox 456 1950 600 2011; x_wconf 83' lang='lat' dir='ltr'>fortunam</span> <span class='ocrx_word' id='word_1_110' title='bbox 623 1951 696 2007; x_wconf 91' lang='lat' dir='ltr'>inter</span> <span class='ocrx_word' id='word_1_111' title='bbox 721 1950 814 2017; x_wconf 81' lang='lat' dir='ltr'>dubia,</span> <span class='ocrx_word' id='word_1_112' title='bbox 841 1950 974 2008; x_wconf 87' lang='lat' dir='ltr'>virtutem</span> 
     </span>
     <span class='ocr_line' id='line_1_17' title="bbox 85 2053 975 2135; baseline 0.003 -24"><span class='ocrx_word' id='word_1_113' title='bbox 85 2053 149 2115; x_wconf 74' lang='lat' dir='ltr'>inter</span> <span class='ocrx_word' id='word_1_114' title='bbox 171 2065 251 2115; x_wconf 86' lang='lat' dir='ltr'>certa</span> <span class='ocrx_word' id='word_1_115' title='bbox 273 2076 441 2117; x_wconf 83' lang='lat' dir='ltr'>numerare:</span> <span class='ocrx_word' id='word_1_116' title='bbox 483 2058 614 2135; x_wconf 89' lang='lat' dir='ltr'>qnodque</span> <span class='ocrx_word' id='word_1_117' title='bbox 641 2057 814 2115; x_wconf 87' lang='lat' dir='ltr'>rarissimum</span> <span class='ocrx_word' id='word_1_118' title='bbox 841 2076 893 2115; x_wconf 91' lang='lat' dir='ltr'>nec</span> <span class='ocrx_word' id='word_1_119' title='bbox 921 2058 975 2114; x_wconf 89' lang='lat' dir='ltr'>nisi</span> 
     </span>
     <span class='ocr_line' id='line_1_18' title="bbox 17 2158 974 2241; baseline 0.003 -24"><span class='ocrx_word' id='word_1_120' title='bbox 17 2174 18 2179; x_wconf 77' lang='grc'>’</span> <span class='ocrx_word' id='word_1_121' title='bbox 85 2158 223 2223; x_wconf 76' lang='lat' dir='ltr'>Romanae</span> <span class='ocrx_word' id='word_1_122' title='bbox 238 2162 401 2240; x_wconf 87' lang='lat' dir='ltr'>disciplinae</span> <span class='ocrx_word' id='word_1_123' title='bbox 415 2183 588 2233; x_wconf 86' lang='lat' dir='ltr'>concessum,</span> <span class='ocrx_word' id='word_1_124' title='bbox 607 2164 670 2241; x_wconf 90' lang='lat' dir='ltr'>plus</span> <span class='ocrx_word' id='word_1_125' title='bbox 689 2183 824 2240; x_wconf 89' lang='lat' dir='ltr'>reponere</span> <span class='ocrx_word' id='word_1_126' title='bbox 844 2164 873 2221; x_wconf 92' lang='lat' dir='ltr'>in</span> <span class='ocrx_word' id='word_1_127' title='bbox 895 2162 974 2231; x_wconf 83' lang='lat' dir='ltr'>duce,</span> 
     </span>
     <span class='ocr_line' id='line_1_19' title="bbox 17 2266 976 2345; baseline 0.002 -22"><span class='ocrx_word' id='word_1_128' title='bbox 17 2266 18 2323; x_wconf 68' lang='grc' dir='ltr'>ζ</span> <span class='ocrx_word' id='word_1_129' title='bbox 86 2284 160 2342; x_wconf 83' lang='lat' dir='ltr'>quum</span> <span class='ocrx_word' id='word_1_130' title='bbox 177 2269 209 2324; x_wconf 92' lang='lat' dir='ltr'>in</span> <span class='ocrx_word' id='word_1_131' title='bbox 227 2268 362 2324; x_wconf 84' lang='lat' dir='ltr'>exercitu.</span> <span class='ocrx_word' id='word_1_132' title='bbox 404 2266 497 2324; x_wconf 90' lang='lat' dir='ltr'>Omne</span> <span class='ocrx_word' id='word_1_133' title='bbox 510 2266 597 2324; x_wconf 89' lang='lat' dir='ltr'>robur</span> <span class='ocrx_word' id='word_1_134' title='bbox 614 2267 644 2323; x_wconf 92' lang='lat' dir='ltr'>in</span> <span class='ocrx_word' id='word_1_135' title='bbox 664 2266 765 2344; x_wconf 91' lang='lat' dir='ltr'>pedite,</span> <span class='ocrx_word' id='word_1_136' title='bbox 787 2287 871 2343; x_wconf 88' lang='lat' dir='ltr'>quem</span> <span class='ocrx_word' id='word_1_137' title='bbox 892 2284 976 2345; x_wconf 89' lang='lat' dir='ltr'>super</span> 
     </span>
     <span class='ocr_line' id='line_1_20' title="bbox 85 2372 975 2450; baseline 0 -18"><span class='ocrx_word' id='word_1_138' title='bbox 85 2391 155 2432; x_wconf 64' lang='lat' dir='ltr'>uma</span> <span class='ocrx_word' id='word_1_139' title='bbox 173 2374 355 2432; x_wconf 82' lang='lat' dir='ltr'>ferramentis</span> <span class='ocrx_word' id='word_1_140' title='bbox 379 2393 490 2450; x_wconf 85' lang='lat' dir='ltr'>quoque</span> <span class='ocrx_word' id='word_1_141' title='bbox 511 2380 540 2430; x_wconf 88' lang='grc'>11</span> <span class='ocrx_word' id='word_1_142' title='bbox 562 2372 647 2450; x_wconf 88' lang='lat' dir='ltr'>copiis</span> <span class='ocrx_word' id='word_1_143' title='bbox 665 2381 791 2430; x_wconf 85' lang='lat' dir='ltr'>onerant.</span> <span class='ocrx_word' id='word_1_144' title='bbox 833 2373 915 2431; x_wconf 91' lang='lat' dir='ltr'>Alios</span> <span class='ocrx_word' id='word_1_145' title='bbox 939 2374 975 2432; x_wconf 87' lang='lat' dir='ltr'>ad</span> 
     </span>
     <span class='ocr_line' id='line_1_21' title="bbox 84 2478 974 2554; baseline 0.003 -20"><span class='ocrx_word' id='word_1_146' title='bbox 84 2479 214 2554; x_wconf 88' lang='lat' dir='ltr'>proelium</span> <span class='ocrx_word' id='word_1_147' title='bbox 227 2481 270 2536; x_wconf 86' lang='lat' dir='ltr'>ire</span> <span class='ocrx_word' id='word_1_148' title='bbox 284 2479 388 2551; x_wconf 85' lang='lat' dir='ltr'>videas,</span> <span class='ocrx_word' id='word_1_149' title='bbox 411 2479 509 2538; x_wconf 88' lang='lat' dir='ltr'>Cattos</span> <span class='ocrx_word' id='word_1_150' title='bbox 523 2478 559 2536; x_wconf 88' lang='lat' dir='ltr'>ad</span> <span class='ocrx_word' id='word_1_151' title='bbox 572 2478 695 2536; x_wconf 85' lang='lat' dir='ltr'>bellum:</span> <span class='ocrx_word' id='word_1_152' title='bbox 716 2480 773 2537; x_wconf 89' lang='lat' dir='ltr'>rari</span> <span class='ocrx_word' id='word_1_153' title='bbox 795 2498 927 2537; x_wconf 79' lang='lat' dir='ltr'>excursus</span> <span class='ocrx_word' id='word_1_154' title='bbox 946 2488 974 2537; x_wconf 89' lang='lat' dir='ltr'>et</span> 
     </span>
     <span class='ocr_line' id='line_1_22' title="bbox 84 2582 973 2663; baseline 0.002 -25"><span class='ocrx_word' id='word_1_155' title='bbox 84 2582 192 2643; x_wconf 85' lang='lat' dir='ltr'>fortuita</span> <span class='ocrx_word' id='word_1_156' title='bbox 211 2604 315 2663; x_wconf 79' lang='lat' dir='ltr'>pugna.</span> <span class='ocrx_word' id='word_1_157' title='bbox 357 2585 538 2662; x_wconf 88' lang='lat' dir='ltr'>Equestrium</span> <span class='ocrx_word' id='word_1_158' title='bbox 561 2603 627 2640; x_wconf 88' lang='lat' dir='ltr'>sane</span> <span class='ocrx_word' id='word_1_159' title='bbox 648 2585 750 2640; x_wconf 88' lang='lat' dir='ltr'>virium</span> <span class='ocrx_word' id='word_1_160' title='bbox 772 2582 801 2640; x_wconf 93' lang='lat' dir='ltr'>id</span> <span class='ocrx_word' id='word_1_161' title='bbox 821 2586 973 2661; x_wconf 90' lang='lat' dir='ltr'>proprium,</span> 
     </span>
     <span class='ocr_line' id='line_1_23' title="bbox 85 2688 973 2768; baseline -0.002 -22"><span class='ocrx_word' id='word_1_162' title='bbox 85 2690 133 2748; x_wconf 86' lang='grc'><strong>1110</strong></span> <span class='ocrx_word' id='word_1_163' title='bbox 145 2711 247 2768; x_wconf 88' lang='lat' dir='ltr'>parare</span> <span class='ocrx_word' id='word_1_164' title='bbox 261 2691 415 2760; x_wconf 84' lang='lat' dir='ltr'>victoriam,</span> <span class='ocrx_word' id='word_1_165' title='bbox 440 2693 496 2749; x_wconf 90' lang='lat' dir='ltr'>cito</span> <span class='ocrx_word' id='word_1_166' title='bbox 515 2689 623 2748; x_wconf 87' lang='lat' dir='ltr'>cedere.</span> <span class='ocrx_word' id='word_1_167' title='bbox 664 2688 827 2746; x_wconf 88' lang='lat' dir='ltr'>Velocitas</span> <span class='ocrx_word' id='word_1_168' title='bbox 816 2697 897 2764; x_wconf 82' lang='lat' dir='ltr'>Juxta</span> <span class='ocrx_word' id='word_1_169' title='bbox 914 2688 973 2745; x_wconf 84' lang='lat' dir='ltr'>for·</span> 
     </span>
     <span class='ocr_line' id='line_1_24' title="bbox 85 2798 802 2920; baseline -0.003 -64"><span class='ocrx_word' id='word_1_170' title='bbox 85 2800 221 2870; x_wconf 70' lang='lat' dir='ltr'>adclinem,</span> <span class='ocrx_word' id='word_1_171' title='bbox 235 2809 348 2859; x_wconf 89' lang='lat' dir='ltr'>cunctat</span> <span class='ocrx_word' id='word_1_172' title='bbox 348 2801 375 2859; x_wconf 90' lang='grc'>10</span> <span class='ocrx_word' id='word_1_173' title='bbox 388 2801 502 2878; x_wconf 89' lang='lat' dir='ltr'>propior</span> <span class='ocrx_word' id='word_1_174' title='bbox 515 2798 688 2856; x_wconf 84' lang='lat' dir='ltr'>constantiae</span> <span class='ocrx_word' id='word_1_175' title='bbox 702 2805 802 2920; x_wconf 48' lang='grc'><strong>1112</strong></span> 
     </span>
     <span class='ocr_line' id='line_1_25' title="bbox 17 2868 974 2985; baseline -0.004 -13"><span class='ocrx_word' id='word_1_176' title='bbox 17 2968 19 2985; x_wconf 55' lang='grc'><strong>,</strong></span> <span class='ocrx_word' id='word_1_177' title='bbox 120 2912 233 2971; x_wconf 88' lang='lat' dir='ltr'><strong>XXXI.</strong></span> <span class='ocrx_word' id='word_1_178' title='bbox 273 2912 313 2968; x_wconf 88' lang='lat' dir='ltr'>Et</span> <span class='ocrx_word' id='word_1_179' title='bbox 326 2911 387 2969; x_wconf 89' lang='lat' dir='ltr'>aliis</span> <span class='ocrx_word' id='word_1_180' title='bbox 399 2910 605 2968; x_wconf 89' lang='lat' dir='ltr'>Germanorum</span> <span class='ocrx_word' id='word_1_181' title='bbox 615 2907 724 2985; x_wconf 91' lang='lat' dir='ltr'>populis</span> <span class='ocrx_word' id='word_1_182' title='bbox 733 2868 897 2984; x_wconf 84' lang='lat' dir='ltr'>usurpatum</span> <span class='ocrx_word' id='word_1_183' title='bbox 910 2927 974 2968; x_wconf 89' lang='lat' dir='ltr'>rara</span> 
     </span>
    </p>
   </div>
   <div class='ocr_carea' id='block_1_3' title="bbox 17 2992 973 3203">
    <p class='ocr_par' dir='ltr' id='par_1_7' title="bbox 17 2992 973 3203">
     <span class='ocr_line' id='line_1_26' title="bbox 17 2992 973 3098; baseline -0.006 -20"><span class='ocrx_word' id='word_1_184' title='bbox 17 2992 19 3085; x_wconf 75' lang='lat' dir='ltr'>l</span> <span class='ocrx_word' id='word_1_185' title='bbox 86 3021 231 3098; x_wconf 80' lang='lat' dir='ltr'>etprivata</span> <span class='ocrx_word' id='word_1_186' title='bbox 244 3021 379 3097; x_wconf 84' lang='lat' dir='ltr'>cujusque</span> <span class='ocrx_word' id='word_1_187' title='bbox 397 3017 527 3075; x_wconf 88' lang='lat' dir='ltr'>audentia</span> <span class='ocrx_word' id='word_1_188' title='bbox 550 3015 625 3092; x_wconf 89' lang='lat' dir='ltr'>apud</span> <span class='ocrx_word' id='word_1_189' title='bbox 646 3014 770 3073; x_wconf 86' lang='lat' dir='ltr'>Cattos</span> <span class='ocrx_word' id='word_1_190' title='bbox 762 3035 791 3071; x_wconf 90' lang='grc'>111</span> <span class='ocrx_word' id='word_1_191' title='bbox 807 3034 973 3072; x_wconf 91' lang='lat' dir='ltr'>consensum</span> 
     </span>
     <span class='ocr_line' id='line_1_27' title="bbox 17 3119 973 3203; baseline -0.005 -20"><span class='ocrx_word' id='word_1_192' title='bbox 17 3128 19 3183; x_wconf 72' lang='grc' dir='ltr'>ἓ</span> <span class='ocrx_word' id='word_1_193' title='bbox 86 3127 172 3195; x_wconf 85' lang='lat' dir='ltr'>vertit,</span> <span class='ocrx_word' id='word_1_194' title='bbox 194 3134 228 3183; x_wconf 91' lang='lat' dir='ltr'>ut</span> <span class='ocrx_word' id='word_1_195' title='bbox 244 3126 366 3203; x_wconf 91' lang='lat' dir='ltr'>primum</span> <span class='ocrx_word' id='word_1_196' title='bbox 387 3121 568 3189; x_wconf 86' lang='lat' dir='ltr'>adoleverint,</span> <span class='ocrx_word' id='word_1_197' title='bbox 588 3120 693 3177; x_wconf 88' lang='lat' dir='ltr'>crinem</span> <span class='ocrx_word' id='word_1_198' title='bbox 716 3119 886 3196; x_wconf 89' lang='lat' dir='ltr'>barbamque</span> <span class='ocrx_word' id='word_1_199' title='bbox 909 3122 973 3178; x_wconf 92' lang='lat' dir='ltr'>sub·</span> 
     </span>
    </p>
   </div>
   <div class='ocr_carea' id='block_1_4' title="bbox 17 3214 974 3519">
    <p class='ocr_par' dir='ltr' id='par_1_8' title="bbox 17 3214 974 3519">
     <span class='ocr_line' id='line_1_28' title="bbox 17 3214 972 3306; baseline 0 -18"><span class='ocrx_word' id='word_1_200' title='bbox 17 3214 19 3219; x_wconf 31' lang='lat'><strong>⁴</strong></span> <span class='ocrx_word' id='word_1_201' title='bbox 85 3232 198 3303; x_wconf 88' lang='lat' dir='ltr'>mittere,</span> <span class='ocrx_word' id='word_1_202' title='bbox 219 3253 272 3290; x_wconf 90' lang='lat' dir='ltr'>nec</span> <span class='ocrx_word' id='word_1_203' title='bbox 295 3234 349 3290; x_wconf 91' lang='lat' dir='ltr'>nisi</span> <span class='ocrx_word' id='word_1_204' title='bbox 369 3231 450 3301; x_wconf 84' lang='lat' dir='ltr'>hoste</span> <span class='ocrx_word' id='word_1_205' title='bbox 474 3250 556 3289; x_wconf 86' lang='lat' dir='ltr'>caeso</span> <span class='ocrx_word' id='word_1_206' title='bbox 580 3246 686 3287; x_wconf 78' lang='lat' dir='ltr'>exuere</span> <span class='ocrx_word' id='word_1_207' title='bbox 713 3231 839 3286; x_wconf 85' lang='lat' dir='ltr'>votivum</span> <span class='ocrx_word' id='word_1_208' title='bbox 866 3230 972 3306; x_wconf 84' lang='lat' dir='ltr'>obliga·</span> 
     </span>
     <span class='ocr_line' id='line_1_29' title="bbox 17 3303 974 3415; baseline 0 -23"><span class='ocrx_word' id='word_1_209' title='bbox 17 3330 19 3361; x_wconf 43' lang='lat' dir='ltr'>l</span> <span class='ocrx_word' id='word_1_210' title='bbox 86 3343 196 3415; x_wconf 86' lang='lat' dir='ltr'>tumque</span> <span class='ocrx_word' id='word_1_211' title='bbox 210 3339 307 3396; x_wconf 80' lang='lat' dir='ltr'>virtuti</span> <span class='ocrx_word' id='word_1_212' title='bbox 320 3338 376 3395; x_wconf 89' lang='lat' dir='ltr'>oris</span> <span class='ocrx_word' id='word_1_213' title='bbox 390 3303 525 3395; x_wconf 86' lang='lat' dir='ltr'>habitum.</span> <span class='ocrx_word' id='word_1_214' title='bbox 562 3334 651 3413; x_wconf 85' lang='lat' dir='ltr'>Super</span> <span class='ocrx_word' id='word_1_215' title='bbox 665 3336 871 3415; x_wconf 84' lang='lat' dir='ltr'>sanguinemet</span> <span class='ocrx_word' id='word_1_216' title='bbox 886 3335 974 3411; x_wconf 90' lang='lat' dir='ltr'>spolia</span> 
     </span>
     <span class='ocr_line' id='line_1_30' title="bbox 87 3440 974 3519; baseline -0.003 -21"><span class='ocrx_word' id='word_1_217' title='bbox 87 3443 207 3500; x_wconf 84' lang='lat' dir='ltr'>revelant</span> <span class='ocrx_word' id='word_1_218' title='bbox 232 3443 362 3511; x_wconf 84' lang='lat' dir='ltr'>frontem,</span> <span class='ocrx_word' id='word_1_219' title='bbox 391 3461 476 3519; x_wconf 85' lang='lat' dir='ltr'>seque</span> <span class='ocrx_word' id='word_1_220' title='bbox 503 3451 564 3499; x_wconf 79' lang='lat' dir='ltr'>tum</span> <span class='ocrx_word' id='word_1_221' title='bbox 590 3442 703 3498; x_wconf 79' lang='lat' dir='ltr'>demum</span> <span class='ocrx_word' id='word_1_222' title='bbox 721 3451 788 3515; x_wconf 74' lang='lat' dir='ltr'>pre</span> <span class='ocrx_word' id='word_1_223' title='bbox 777 3440 974 3497; x_wconf 72' lang='lat' dir='ltr'>transcendite</span> 
     </span>
    </p>
   </div>
   <div class='ocr_carea' id='block_1_5' title="bbox 86 3537 971 3629">
    <p class='ocr_par' dir='ltr' id='par_1_9' title="bbox 86 3537 971 3629">
     <span class='ocr_line' id='line_1_31' title="bbox 86 3537 971 3629; baseline -0.007 -24"><span class='ocrx_word' id='word_1_224' title='bbox 86 3550 215 3615; x_wconf 72' lang='lat' dir='ltr'>retulisse</span> <span class='ocrx_word' id='word_1_225' title='bbox 235 3553 383 3629; x_wconf 71' lang='lat' dir='ltr'>daynosque</span> <span class='ocrx_word' id='word_1_226' title='bbox 393 3550 493 3626; x_wconf 75' lang='lat' dir='ltr'>patric</span> <span class='ocrx_word' id='word_1_227' title='bbox 511 3568 545 3606; x_wconf 86' lang='lat' dir='ltr'>oc</span> <span class='ocrx_word' id='word_1_228' title='bbox 556 3537 723 3624; x_wconf 73' lang='lat' dir='ltr'>pareatibus</span> <span class='ocrx_word' id='word_1_229' title='bbox 743 3546 848 3602; x_wconf 83' lang='lat' dir='ltr'>femnt.</span> <span class='ocrx_word' id='word_1_230' title='bbox 888 3543 971 3618; x_wconf 83' lang='lat' dir='ltr'>Igna·</span> 
     </span>
    </p>
   </div>
   <div class='ocr_carea' id='block_1_6' title="bbox 0 0 1128 3992">
    <p class='ocr_par' dir='ltr' id='par_1_10' title="bbox 0 0 1128 3992">
     <span class='ocr_line' id='line_1_32' title="bbox 0 0 1128 3992; baseline 0 0"><span class='ocrx_word' id='word_1_231' title='bbox 0 0 1128 3992; x_wconf 95' lang='lat' dir='ltr'> </span> 
     </span>
    </p>
   </div>
  </div>
 </body>
</html>
