2242 3992
417 341 602 385 ossuum.
920 323 960 379 23

17 458 19 487 ἰ
78 480 189 557 quinque
217 479 300 537 simul
324 479 484 539 consulares
514 480 653 537 exercitus
682 478 790 557 Populo
821 478 958 548 Romano,

78 585 174 642 Varum
190 595 305 664 tresque
325 606 390 644 cum
408 606 442 644 eo
460 586 585 662 legiones
606 586 691 642 etiam
705 585 819 645 Caesari
837 586 959 643 abstule-

76 700 151 750 nmt:
170 711 224 749 nec
237 693 342 769 inpune
354 691 439 749 Caius
454 691 565 748 Marius
579 692 609 747 in
622 690 713 758 Italia,
728 690 808 747 divus
822 690 916 749 Julius
929 692 958 747 in

75 781 168 866 Gallia,
184 797 299 854 Drusus
312 816 344 854 ac
359 796 437 857 Nero
451 805 479 853 et
494 796 681 856 Germanicus
699 796 729 852 in
750 797 807 853 suis
821 816 868 854 eos
887 797 959 854 sedi·

17 920 19 981 p
74 901 119 959 bus
134 903 324 980 perculerunt.
365 902 438 961 Mox
456 903 584 978 ingentes
600 902 662 961 Caii
676 902 804 962 Caesaris
817 905 909 961 minae
929 905 959 961 in

73 1006 219 1065 ludibrium
231 1027 339 1066 versae.
379 1007 450 1065 Inde
463 1009 560 1076 otium,
582 1007 670 1065 donec
688 1009 834 1066 occasione
853 1009 959 1067 discor·

17 1162 18 1165 ,
74 1112 127 1170 diae
144 1122 259 1172 nostrae
279 1122 309 1171 et
325 1114 450 1171 civilium
465 1132 616 1182 armorum,
637 1114 801 1191 expugnatis
817 1114 959 1190 legionum

17 1170 19 1313 l
73 1217 198 1286 hibernis
213 1220 298 1277 etiam
309 1219 416 1278 Gallias
427 1218 622 1276 adfectavere:
642 1238 675 1275 ac
688 1238 785 1276 rursus
798 1218 872 1296 pulsi
885 1218 958 1287 inde,

17 1318 19 1325 ’
73 1325 196 1399 proximis
211 1324 382 1402 temporibus
396 1323 558 1401 triumphati
571 1324 661 1399 magis
675 1344 759 1401 quam
772 1325 839 1381 victi
852 1333 926 1382 sunt.

17 1508 18 1511 Ἰ
108 1428 280 1488 XXXVIII.
321 1428 405 1486 Nunc
426 1428 460 1486 de
480 1428 580 1488 Suevis
602 1428 750 1486 dicendum
768 1439 819 1498 est,
841 1449 960 1506 quorum

17 1514 19 1517 ι
72 1552 199 1604 nonuna,
225 1543 258 1591 ut
280 1533 427 1592 Cattorum
450 1534 695 1602 Tencterorumve,
716 1554 805 1610 gens:
825 1537 960 1612 majorem

73 1643 139 1699 enim
152 1643 325 1703 Germaniae
338 1651 447 1720 partem
460 1643 596 1711 obtinent,
610 1643 729 1721 propriis
742 1642 834 1700 adhuc
851 1644 960 1700 nation-

17 1760 19 1839 ξ
72 1756 128 1813 ibus
140 1755 357 1829 nominibusque
368 1753 488 1821 discreti,
498 1773 666 1831 quamquam
676 1755 705 1811 in
716 1775 862 1812 commune
873 1744 962 1816 Sudci

17 1844 19 1951 L
75 1870 212 1918 vocentur.
267 1858 383 1933 Insigne
409 1834 502 1934 gentis
526 1858 669 1935 obliquare
696 1859 801 1915 crinem
832 1859 961 1937 nodoque

17 1958 18 2039 p
74 1967 269 2042 substringere.
311 1963 358 2022 Sic
373 1963 459 2023 Suevi
472 1984 489 2021 a
503 1965 602 2021 ceteris
620 1963 778 2033 Germanis,
801 1966 841 2022 sic
856 1965 961 2023 Suevo-

17 2062 18 2085 ³
72 2071 260 2149 rumingenui
273 2090 290 2128 a
305 2070 402 2137 servis,
417 2078 589 2147 separantur.
630 2068 664 2126 In
684 2070 745 2128 aliis
758 2071 897 2146 gentibus,
912 2092 961 2130 seu

76 2181 236 2256 cognatione
258 2178 352 2254 aliqua
369 2176 534 2246 Suevorum,
560 2184 609 2234 seu
633 2176 725 2256 (quod
743 2198 824 2255 saepe
841 2177 960 2251 adcidit)

74 2286 231 2354 imitatione,
248 2303 345 2340 rarum
363 2292 392 2340 et
409 2284 482 2341 intra
496 2284 631 2360 juventae
647 2283 783 2360 spatium3
803 2285 877 2362 spud
892 2285 961 2344 Sue·

74 2414 231 2472 rususque
259 2392 296 2450 ad
318 2388 447 2450 canitiem
470 2389 632 2446 horrentem
658 2389 789 2467 capillum
815 2399 890 2449 retro
918 2412 961 2448 se·
992 2410 994 2413 ·

17 2542 18 2547 1
71 2511 200 2578 quuntur,
214 2521 249 2558 an
264 2519 346 2577 saepe
359 2500 389 2555 in
402 2500 463 2576 ipso
478 2496 537 2554 solo
555 2497 660 2554 vertice
679 2497 776 2573 ligant.
817 2499 960 2580 Principes

70 2616 96 2664 u
117 2608 288 2666 ornatiorem
315 2603 438 2661 habent:
467 2623 500 2661 ea
528 2621 595 2660 cura
622 2602 738 2672 formae,
765 2604 815 2662 sed
840 2607 961 2666 innoxia.

71 2711 167 2790 Neque
181 2714 258 2771 enim
275 2718 307 2768 ut
327 2719 421 2768 ament
433 2718 615 2775 amenturve3
634 2709 663 2764 in
676 2708 851 2768 altitudinem
864 2732 960 2788 quam.

71 2818 132 2876 dnm
146 2827 175 2877 et
188 2827 336 2884 terrorem,
350 2815 452 2873 adituri
469 2813 552 2882 bella,
576 2813 687 2890 compti,
708 2821 741 2870 ut
760 2812 882 2871 bostium
896 2835 961 2872 ocu·

69 2923 109 2993 lis,
123 2934 270 2983 ornantur.

106 3029 249 3089 XXXIX.
294 3030 495 3092 Vetustissimos
508 3045 536 3083 sc
553 3023 785 3098 nobilissimosque
804 3023 960 3084 Succorum

72 3134 225 3195 Semnones
238 3144 404 3195 memorant.
444 3133 528 3192 Fides
538 3129 710 3207 antiquitatis
720 3128 854 3204 religione
868 3130 961 3189 firma-

68 3248 120 3299 tur.
164 3242 244 3301 Statu
257 3252 383 3320 tempore
396 3241 425 3297 iu
439 3239 545 3302 silvanr,
563 3235 685 3311 auguriis
703 3243 813 3311 patrum
829 3244 857 3292 et
870 3238 962 3312 prisca

68 3347 216 3407 formidine
238 3368 354 3417 sacram,
376 3365 471 3404 omnes
494 3341 619 3419 ejusdem
639 3340 781 3416 sauguinis
802 3340 898 3416 populi
921 3341 961 3398 le·

69 3455 226 3529 gationibus
255 3463 364 3524 coeunt,
389 3469 525 3527 caesoque
549 3448 659 3526 publice
680 3446 793 3531 bomine
820 3445 961 3502 celebrant

68 3559 180 3618 barbari
193 3563 264 3619 ritus
275 3559 416 3619 horrenda
428 3554 588 3636 primordia.
629 3552 682 3633 Est
698 3560 726 3607 et
739 3549 793 3607 alia
806 3550 869 3607 luco
883 3569 961 3610 reve·
