2242 3992
365 370 543 417 essenon
566 372 663 411 msrr
684 372 705 411 1.
944 352 982 408 95

80 517 109 569 et
121 510 257 567 vicesima
269 509 394 587 tepiones,
410 510 459 568 ilio
478 512 567 587 scynis
585 530 604 568 a
621 510 732 569 Tiberio
753 510 882 585 adceptis,
897 519 928 567 tn
948 520 984 568 tot

75 619 254 694 proeliorum
267 624 350 693 socia,
365 633 401 680 tot
408 625 548 698 praemi-is
562 633 653 690 ancta,
667 624 805 698 apropiam
818 624 885 678 daci
896 631 982 679 oestro

76 727 205 800 pratiam
222 727 361 801 refertis?
381 729 455 785 banc
472 749 518 805 epo
538 730 673 786 nnntinm
687 729 777 802 patri,
794 727 866 784 laeto
886 729 982 784 omnia

81 829 148 886 abiis
161 846 177 888 'e
184 833 343 906 provinciis
362 834 499 902 audienti,
512 831 642 906 feram?
664 834 754 907 ipsias
767 834 877 903 tirones,
892 835 982 909 ipsias

81 946 224 994 veteranos
243 957 300 995 non
322 939 461 1008 missione,
485 957 541 995 non
554 939 680 1013 pecnnia
698 939 832 996 satiatos:
857 940 902 995 iic
919 950 981 998 tan·

80 1050 143 1107 tnm
164 1043 285 1119 interfici
305 1044 486 1110 centuriones,
500 1042 565 1117 ejici
582 1042 714 1110 tribanos,
734 1042 842 1099 inoladi
860 1043 979 1119 tenatos:

81 1147 189 1220 infecta
201 1151 340 1224 sanpaine
352 1159 451 1215 castra,
457 1149 608 1225 flamina:
631 1167 728 1224 meque
733 1150 899 1221 precariam
914 1153 982 1207 ani-

82 1269 162 1309 mam
176 1252 250 1309 inter
262 1253 387 1325 infemns
401 1252 518 1309 trahere.

124 1355 238 1415 XLIII.
284 1357 345 1416 Cnr
357 1359 433 1415 enim
441 1359 539 1432 primo
559 1358 692 1414 contionis
710 1358 756 1447 die
764 1359 883 1431 ferram
900 1359 982 1441 ilbnd,

81 1463 157 1537 qaod
162 1465 271 1537 pectori
283 1483 342 1520 meo
356 1464 470 1540 insipere
484 1463 635 1537 parabam,
649 1462 829 1520 detraxistis?
848 1464 981 1540 Oinpro·

82 1571 144 1626 vidi
156 1572 267 1627 amici!
289 1569 388 1627 melias
402 1579 427 1627 et
439 1570 583 1626 amantiae
597 1568 650 1638 c'lbe,
665 1571 716 1644 qai
731 1567 860 1644 plodinm
878 1571 980 1645 obfere÷

82 1673 135 1731 bat.
179 1674 345 1732 Cecidissem
369 1684 437 1731 certe
457 1674 582 1731 nondnm
605 1682 642 1730 tot
653 1674 830 1748 stapitiornm
850 1677 982 1732 enercitni

82 1799 142 1837 meo
155 1782 300 1837 conscias:
318 1779 447 1855 bepissetis
460 1781 566 1848 dncem,
575 1781 626 1854 qni
639 1797 730 1835 meam
741 1780 853 1853 qnidem
867 1791 981 1837 mortem

82 1886 247 1960 inpunitam
259 1886 370 1952 sineret,
390 1884 461 1942 Vari
474 1893 568 1942 tamen
581 1893 607 1941 et
618 1885 706 1940 triam
719 1882 857 1958 lepionnm
871 1884 981 1942 nbcisce·

81 2001 167 2048 retnr.
209 1991 308 2066 Neqne
317 1991 394 2048 enim
408 1992 452 2047 dii
464 1992 569 2060 sinant,
581 2001 612 2048 nt
624 1989 790 2067 Belpornm,
808 2010 980 2066 qaamqnam

80 2093 273 2168 obferentinm,
294 2096 376 2152 decns
396 2096 473 2152 istnd
490 2105 515 2153 et
536 2095 671 2153 claritudo
691 2096 736 2163 sit,
753 2095 908 2152 subvenisse
923 2097 980 2153 Ro·

81 2218 166 2256 niano
192 2200 313 2267 nomini,
331 2200 510 2274 cmpressisse
533 2199 705 2258 Germaniae
722 2198 849 2274 popnbos.
904 2200 933 2258 T
932 2220 979 2269 na,

80 2304 143 2360 diae
156 2299 293 2379 Anpnstc,
305 2303 376 2361 caelo
389 2315 495 2380 recepta
505 2324 592 2372 mens,
603 2314 660 2373 tna,
668 2314 753 2380 pater
762 2305 867 2374 Druse,
879 2307 979 2383 imapo,

79 2409 124 2466 tai
137 2410 283 2475 memoria,
298 2409 398 2465 iisdem
416 2411 476 2465 istis
496 2429 559 2466 cnm
580 2409 722 2478 militibus,
736 2430 802 2485 qnos
810 2412 877 2486 jam
885 2413 981 2486 pndor

77 2524 104 2571 et
111 2512 207 2589 plorio
228 2514 324 2582 intrat,
338 2512 434 2570 einant
451 2514 522 2570 banc
541 2513 690 2582 maeniana,
710 2516 820 2591 irasqne
840 2515 932 2573 civiles
948 2518 980 2572 in

80 2620 199 2676 critiam
212 2618 330 2675 bostibns
345 2621 471 2676 vertant!
511 2619 563 2677 Vos
576 2639 689 2695 qnoque,
700 2639 818 2695 qaornm
832 2619 890 2677 alia
904 2639 981 2676 nanc

80 2744 139 2792 ora,
161 2722 222 2781 abia
233 2733 346 2799 pectora
366 2734 499 2792 contneor,
521 2725 547 2780 si
566 2723 664 2799 lepatos
684 2726 802 2792 senatai,
824 2724 981 2799 obseqninm

81 2831 256 2905 imperatori,
270 2830 297 2887 si
313 2829 384 2886 milti
403 2831 543 2906 conjnpem
563 2839 590 2886 et
598 2828 698 2905 fibinm
712 2830 834 2898 redditis,
854 2829 981 2886 discedite

79 2955 98 2992 a
107 2945 234 2993 contacta
247 2955 280 2992 ao
293 2936 408 2992 dividite
421 2935 560 2992 tnrbidos:
577 2936 610 2990 id
620 2934 713 2992 stabile
723 2935 762 2990 od
768 2936 980 3010 poenitentiam,

81 3041 194 3117 idfidei
207 3037 352 3095 oincnbnm
365 3040 425 3096 erit.

122 3143 234 3201 XLIV.
277 3142 422 3219 Supplices
447 3143 483 3199 ad
508 3142 588 3212 haec,
609 3151 638 3200 et
658 3162 725 3200 vera
752 3145 915 3220 exprobrari
938 3145 980 3204 fa·

78 3257 183 3316 tenses,
198 3247 323 3315 orabant,
332 3249 452 3322 paniret
460 3249 562 3316 noxios,
573 3249 720 3323 ipnosceret
731 3247 818 3323 lapsis
831 3259 857 3306 et
872 3250 981 3306 doceret

78 3356 112 3414 in
127 3355 229 3410 bostem
236 3376 248 3421 ,·
264 3363 436 3410 reoocaretnr
449 3354 556 3429 conjnx,
571 3354 674 3409 rediret
685 3352 823 3428 lapionnm
837 3353 979 3421 atnmnns,

78 3479 149 3518 neoe
163 3458 235 3515 obses
252 3457 343 3515 Gallis
355 3460 517 3517 traderetur.
559 3457 694 3514 Reditum
709 3458 883 3534 AgrippInae
897 3475 980 3512 excu-

80 3564 156 3622 savit
170 3563 207 3620 ob
220 3563 402 3621 inminentem
415 3572 527 3642 partum
548 3572 577 3620 et
593 3562 733 3623 hiememz
754 3571 902 3619 oentnrnm
914 3558 979 3636 fitt-
