2242 3992
464 313 647 356 onmium.
977 299 996 352 5

117 451 275 510 confirmare
288 454 468 530 argumentis,
487 473 578 531 neque
596 451 724 510 refellere
737 452 766 508 in
780 452 872 509 animo
915 461 945 508 t:
965 471 998 508 ex

117 556 222 632 iugenio
235 576 286 613 suo
299 556 418 632 quisque
431 556 531 625 demat,
545 555 592 613 vel
605 555 794 647 addat‘fideup

123 644 203 762 Ἡ.
242 661 306 741 Ipse
322 681 419 719 eorum
436 663 611 739 opinionibus
625 662 735 731 accedo,
753 664 810 740 qui,
829 664 999 722 Germaniae

111 766 220 845 popqlos
239 765 326 824 nullis
351 765 451 842 [elia]
478 765 604 824 eliorum
620 768 773 824 notionem
787 769 930 826 connubiis
953 772 999 826 in-

108 873 197 945 scaea
212 873 364 948 propriam
381 881 408 929 et
423 872 562 930 cineam
578 882 604 930 et
618 862 728 930 tontum
741 875 787 929 sei
799 874 919 932 simiam
928 859 998 951 perr-

117 987 165 1034 tem
187 978 323 1046 restitisse,
346 975 524 1034 arbitrantur.
566 975 650 1039 Unde
670 975 781 1033 habitus
803 997 914 1055 quoque
938 998 999 1036 cor-

35 1144 41 1155 ·
117 1101 219 1157 porum,
231 1099 390 1158 quanquam
403 1081 433 1136 iu
447 1087 527 1138 tanto
544 1078 689 1136 hominum
709 1099 834 1148 numero,
851 1081 924 1138 idem
938 1101 997 1138 om-

119 1185 205 1253 nibus,
225 1193 313 1243 buces
338 1192 367 1242 et
399 1184 519 1242 caerulei
541 1183 624 1252 oculi,
646 1183 746 1241 rutilae
769 1205 873 1253 comae,
896 1205 998 1261 magna

115 1307 228 1364 corpora
240 1298 268 1345 et
280 1296 390 1345 tantum
402 1287 439 1345 ad
447 1288 573 1366 inpetum
582 1288 683 1345 valida.
714 1289 832 1347 Laboris
841 1299 999 1368 atque‘ope-

116 1413 172 1450 rum
191 1413 248 1451 non
266 1393 363 1451 eadem
378 1394 530 1470 patientia:
550 1394 719 1471 minimeque
739 1395 815 1452 sitim
834 1404 998 1471 aestumque

113 1500 237 1569 tolerare,
250 1500 358 1577 frigora
371 1509 454 1577 atque
468 1501 589 1558 inediam
603 1500 681 1558 caelo
694 1501 790 1558 solove
803 1500 1012 1558 adsueverunt(

150 1604 182 1662 V.
224 1607 324 1674 Terra,
338 1605 390 1661 etsi
403 1604 545 1681 aliquanto
560 1606 651 1681 specie
671 1605 771 1675 differt,
790 1606 819 1662 in
838 1606 998 1663 universum

115 1718 199 1766 tamen
213 1719 264 1767 aut
282 1709 359 1767 silvis
373 1698 494 1779 horrida,
508 1719 556 1767 aut
569 1710 716 1787 paludibus
729 1711 830 1768 foedo:
850 1710 999 1779 humidior,

112 1833 164 1891 ¹que
177 1815 297 1884 Gallias,
317 1814 467 1884 ventosior,
488 1835 544 1892 qua
566 1815 702 1873 Noricum
716 1835 749 1873 ac
763 1815 936 1875 Pannoniam
950 1815 998 1872 ad·

118 1921 207 1996 spicit:
229 1921 296 1978 satis
310 1920 397 1990 ferax,
417 1921 617 1998 frugiferarum
636 1922 767 1978 arborum
789 1922 935 1999 inpatiens,
950 1942 998 1997 pe·

116 2042 202 2082 corum
215 2024 364 2094 foecunda,
376 2025 425 2083 sed
438 2018 601 2103 plerumque
615 2027 769 2105 inprocera.
811 2026 856 2084 Ne
866 2029 999 2084 armentis

115 2129 220 2202 quidem
234 2149 301 2187 suus
314 2128 467 2188 honor‘aut
476 2132 574 2207 gloria
579 2131 689 2188 frontis.
731 2130 856 2188 Numero
866 2131 997 2208 gaudent,

113 2252 214 2312 eaeque
228 2237 305 2293 solae
318 2244 346 2293 et
359 2237 533 2321 gratissimae
544 2256 610 2314 opes
621 2246 694 2293 sunt.
735 2222 895 2314 Argentum
908 2247 936 2294 et
949 2258 997 2295 ou-

113 2357 173 2395 rum
195 2334 308 2418 propitii
330 2360 365 2398 an
390 2342 454 2399 irati
468 2322 506 2398 dii
524 2333 689 2417 negaverint
712 2341 817 2398 dubito.
876 2341 937 2399 Nec
955 2352 997 2400 ta·

109 2462 176 2499 men
189 2444 400 2514 adfirmaverim,
418 2445 525 2503 nullam
544 2445 713 2504 Germaniae
731 2465 840 2502 venam*
850 2456 997 2522 argentum

111 2565 246 2605 aurumve
258 2550 380 2627 gignere.
420 2551 491 2614 Quis
501 2550 576 2608 enim
586 2559 725 2607 scrutatus
735 2560 778 2607 est
787 2546 809 2608 'r'
822 2553 996 2627 possessione

37 2730 43 2741 Ι
109 2660 138 2708 et
151 2652 206 2710 usu
218 2651 292 2712 haud
304 2653 419 2732 perinde
432 2653 607 2711 adficiuntur.
659 2653 712 2711 Est
729 2653 824 2711 videre
842 2653 916 2731 apud
933 2653 996 2711 illos

108 2769 242 2834 argentea
254 2780 329 2830 vasa,
351 2760 450 2837 legatis
464 2769 492 2817 et
505 2759 675 2837 principibus
688 2778 785 2816 eorum
798 2760 907 2816 muneri
924 2759 996 2828 data,

108 2879 164 2919 non
182 2864 213 2919 in
226 2864 282 2921 alia
294 2864 410 2932 vilitate,
428 2884 513 2941 quam
525 2884 598 2940 quae
616 2864 702 2920 humo
716 2863 879 2940 fingrmtur:
899 2883 996 2940 quam-

108 2987 193 3044 quam
206 2970 325 3046 proximi
339 2970 374 3026 ob
395 2988 476 3026 usum
497 2969 726 3026 commerciorum
746 2988 845 3026 aurum
858 2977 886 3025 et
899 2989 999 3046 argen-

103 3080 169 3128 tum
182 3074 218 3130 in'
226 3073 316 3149 pretio
329 3072 442 3143 habent,
462 3073 622 3149 formasque
636 3073 770 3150 quasdam
787 3083 898 3132 nostrae
916 3095 999 3151 pecu-

109 3178 172 3234 niae
195 3187 351 3254 agnoscunt
372 3187 456 3255 etque
478 3179 610 3256 eliguntr
630 3181 777 3236 interiores
800 3179 950 3258 simplicius
971 3191 999 3238 et

86 3276 251 3358 ‘antiquius
279 3283 482 3360 permutatione
508 3281 643 3338 mercium
669 3290 795 3338 utuntur.
849 3282 999 3341 Pecuniam

110 3387 231 3463 probant
244 3396 368 3445 veterem
382 3395 411 3444 et
420 3386 468 3443 diu
477 3393 581 3452 notam,
593 3394 721 3453 serratos,
729 3384 901 3460 bigatosque.
942 3387 999 3441 Ar·

105 3500 229 3566 gentum
254 3513 364 3570 quoque
388 3492 477 3570 magis
502 3509 586 3567 quam
609 3508 708 3547 aurum
734 3498 895 3563 sequuntur,
923 3488 1000 3545 nulla

820 3607 838 3644 o
860 3591 879 3643 3
