2242 3992
140 313 180 370 86
512 326 660 375 uncinus.

139 455 211 513 citur
231 454 357 513 centurio
371 454 512 525 Clemens,
530 464 559 512 et
580 456 604 515 si
619 454 667 512 alii
684 455 766 512 bonis
787 454 894 512 artibus
912 455 989 532 grati
1013 455 1054 513 in.

140 560 259 637 vulgus:
289 559 319 617 hi
344 559 456 635 vigiliis,
481 560 655 628 stationibus,
679 559 810 617 custodiis
834 568 981 637 portarum
1012 578 1044 614 se

140 667 277 733 inserunt,
298 683 376 741 spem
400 663 540 731 obferunt,
560 670 667 719 metum
688 662 846 721 intendunt.
889 661 1046 739 Quousque

131 770 232 849 filiuni
246 771 421 845 imperatoris
442 766 647 826 obsidebimus?
667 769 732 844 quio
748 767 1047 844 tutaminumfinia?

142 876 334 934 Percennione
355 884 381 933 et
405 872 536 932 Vibuleno
558 881 764 930 tenementum
790 873 895 930 dicturi
913 872 1048 931 sumus?

142 981 317 1039 Percennius
337 990 363 1037 et
378 978 530 1038 Vibulenus
549 980 687 1054 stivendio
709 977 851 1046 militibus,
870 998 950 1054 apros
972 997 1056 1036 eme.

142 1087 205 1143 ritis
218 1084 400 1162 incipientur?
421 1085 540 1161 denique
547 1104 604 1159 pro
618 1083 777 1141 Neronibus
791 1093 817 1140 et
829 1083 938 1140 Drusis
951 1085 1051 1159 impe·

142 1190 328 1266 riumpopuli
338 1191 465 1248 Romani
478 1187 644 1265 capessent?
666 1189 735 1263 quin
741 1189 845 1263 potius,
855 1198 887 1244 ut
895 1189 1052 1246 nouissimi

144 1298 177 1354 in
195 1296 317 1371 uulpem,
332 1298 372 1353 ito
385 1296 480 1370 primi
498 1296 537 1351 od
549 1294 752 1370 poenitentium
771 1292 898 1350 sumus?
944 1294 1050 1352 Turdo

143 1411 292 1478 suntquoe
307 1403 496 1458 incommune
512 1398 737 1476 expostulentur:
754 1400 900 1474 priuatum
916 1402 1048 1476 pretium

145 1508 239 1564 stetini
266 1527 397 1575 mereare,
424 1507 518 1565 stetini
541 1506 670 1579 recipies.
723 1502 868 1561 Conmotis
895 1522 947 1581 per
973 1504 1050 1561 haee

146 1612 285 1669 mentibus
302 1621 330 1669 et
346 1612 419 1669 iuter
433 1629 463 1667 se
478 1610 623 1686 suspectis,
636 1609 757 1666 tironem
770 1606 792 1666 a'
799 1618 942 1677 veterano,
956 1609 1051 1686 legio-

146 1740 212 1778 nem
235 1741 252 1779 a
272 1721 381 1796 legione
402 1719 562 1776 dissociant.
604 1719 679 1776 Tum
699 1719 790 1775 redire
810 1719 944 1796 paulatim
964 1738 1049 1776 amor

147 1831 292 1908 obsequii:
314 1830 445 1887 omittunt
468 1836 573 1906 portas,
588 1828 668 1903 signa
685 1847 773 1884 unum
787 1827 922 1886 inlocum
942 1831 1049 1906 princi·

146 1938 193 2014 pio
207 1937 349 1995 seditionis
363 1944 532 2013 congregata
545 1953 610 1991 suas
624 1933 653 1990 in
668 1933 747 1990 sedes
761 1934 897 1992 referunt.

189 2043 301 2103 XXIX.
342 2042 464 2111 Drusus,
485 2053 547 2100 orto
567 2042 611 2099 die
631 2049 660 2099 et
676 2051 776 2099 vocata
793 2043 931 2113 contione,
945 2063 1048 2120 quam·

149 2168 233 2226 quam
256 2148 333 2205 rudis
358 2148 467 2205 dicendi
491 2148 637 2205 nobilitate
660 2147 785 2223 ingenita
808 2148 917 2206 incusat
941 2150 1047 2226 priora,

148 2246 247 2322 probat
260 2247 434 2323 praesentia:
455 2259 540 2323 negat
553 2258 695 2306 retenone
708 2259 734 2306 et
746 2251 833 2306 urinis
845 2252 922 2307 oinci
929 2272 940 2306 .-
954 2253 1047 2328 flexos

147 2351 186 2408 od
201 2351 361 2407 modestiam
379 2352 406 2407 oi
422 2351 522 2420 uideat,
542 2353 569 2409 si
588 2352 725 2428 supplices
745 2356 852 2424 audiat,
871 2358 1047 2432 scripturum

142 2456 234 2531 putri,
253 2465 285 2512 ut
297 2456 428 2531 ptocotuo
443 2456 582 2533 iepionurn
596 2478 694 2534 preces
713 2461 866 2535 emineret:
889 2462 1047 2531 orantibus,

148 2580 261 2618 rursum
282 2562 357 2619 idem
381 2563 498 2621 Blaesus
521 2571 549 2620 et
567 2563 602 2620 L.
620 2564 772 2641 Apronius,
794 2585 879 2642 eques
899 2566 1046 2625 Romanus

149 2685 165 2723 e
180 2666 294 2723 cohorte
312 2666 410 2736 Drusi,
426 2667 581 2744 Justusque
597 2668 731 2727 Catonius
754 2668 836 2743 primi
855 2668 960 2725 ordinis
978 2689 1046 2726 cen·

148 2773 232 2842 turio,
246 2774 282 2831 ad
297 2775 440 2832 Tiberium
454 2776 612 2833 mittuntur.
652 2775 798 2835 Certatum
811 2775 876 2832 inde
890 2778 1048 2846 sententiis,

149 2896 213 2935 cum
233 2878 281 2936 alii
301 2881 480 2955 opperiendos
500 2879 599 2956 iepotos
615 2890 695 2955 utque
711 2881 825 2937 interim
841 2883 964 2939 comitate
975 2902 1046 2956 per·

150 2981 327 3043 mulcendum
345 2984 461 3043 militent
485 2993 651 3053 censerent;
671 2984 718 3042 alii
728 2987 897 3059 fortioribus
914 2989 1047 3044 renudiis

146 3087 304 3161 opendum:
326 3090 400 3146 nihil
411 3092 442 3148 in
456 3090 534 3167 ouipo
548 3093 688 3148 modicum
695 3111 710 3155 ,·
731 3102 841 3161 terrere,
855 3094 890 3150 ni
895 3104 1025 3168 pooeont
1030 3115 1045 3158 ;

147 3194 196 3255 ubi
216 3197 425 3270 pertimuerint,
454 3199 562 3273 inpune
590 3201 727 3257 contemni
739 3224 752 3268 ,-
787 3204 856 3259 oium
887 3205 1046 3278 superstitio

148 3310 252 3375 urpeot,
267 3301 435 3376 adjiciendos
448 3320 480 3358 en
493 3303 561 3359 duce
575 3313 671 3371 metuo,
689 3304 803 3363 sublatis
818 3308 961 3365 seditionis
980 3328 1047 3366 ouc-

149 3404 260 3461 toribuo.
302 3403 467 3479 Promptum
485 3404 522 3462 ad
541 3407 683 3482 asperiora
700 3409 845 3484 ingenium
858 3411 956 3470 Druso
971 3421 1046 3470 erat:

149 3515 264 3564 vocatos
278 3507 449 3564 Vibulenum
463 3517 491 3565 et
506 3509 692 3568 Percennium
711 3514 830 3573 interfici
840 3516 931 3592 jubet.
973 3518 1044 3575 Tra·
