2242 3992
141 308 179 383 74'
221 374 229 392 .
517 340 666 381 melius.

132 491 191 546 per
206 482 308 548 septem
331 481 356 530 et
377 472 494 549 triginta
511 492 602 531 annos
616 473 770 530 tribunicia
778 481 920 547 potestas3
941 491 1048 533 nemeen

136 579 314 653 imperatoris
328 576 413 635 semel
423 585 505 653 atquc
518 579 602 635 uicies
613 588 757 653 partum;
780 577 892 654 aliaque
907 578 1048 635 tonorum

136 680 321 756 multiplicata
345 691 396 739 aut
419 702 500 741 noua.
556 684 599 740 At
621 682 697 761 apud
719 682 872 760 prudentes
896 683 957 741 vita
979 683 1045 759 ejus

136 786 213 843 varie
227 787 412 845 extollebatur
427 788 642 865 arguebaturve.
677 788 728 855 Hi,
742 789 848 863 pietate
861 807 1045 865 eryaparen·

136 901 191 949 tem
204 901 230 949 et
242 895 443 953 necessitudine
455 895 646 970 reipublicae,
658 896 690 952 in
703 914 760 971 qua
776 893 872 951 nudus
891 903 960 951 tunc
974 893 1045 970 1ῳὲ·

137 996 188 1054 bus
208 992 290 1067 100110,
314 1001 354 1056 01
375 1019 458 1059 amca
480 999 577 1058 oiadia
599 1009 702 1069 adnm,
730 1019 802 1075 quae
826 1017 914 1074 neque
932 999 1044 1073 parari

131 1111 246 1175 possent
258 1121 345 1177 neque
358 1103 453 1161 101011
460 1123 516 1179 per
525 1103 611 1161 bonas
624 1113 715 1161 artes:
732 1103 821 1161 muita
830 1104 961 1172 Antonio,
970 1105 1041 1161 dam

136 1206 320 1278 interfectores
327 1208 422 1282 patris
434 1207 619 1276 ulcisceretur,
634 1207 723 1265 mado
737 1208 845 1283 Lepido
855 1209 1038 1266 cmccessnse:

130 1320 280 1386 postquam
300 1312 345 1369 110
363 1312 487 1369 socordia
507 1314 638 1381 senuerit,
654 1312 699 1370 1110
711 1332 768 1388 per
784 1311 913 1370 libidines
920 1332 1039 1387 pessum

136 1420 218 1477 datus
231 1420 275 1489 sit,
290 1439 346 1479 non
360 1420 443 1478 aliud
452 1420 637 1477 discordantia
650 1420 765 1493 patriae
778 1416 934 1474 remedium
941 1418 1039 1490 fuisse

135 1543 222 1599 quam
244 1535 276 1583 ut
295 1526 328 1583 ab
353 1545 409 1583 uno
432 1534 581 1602 moeretur.
637 1523 705 1582 Non
727 1543 811 1601 rayno
832 1533 926 1580 tamen
950 1542 1038 1598 neque

135 1631 285 1700 dictatura,
306 1633 356 1690 sed
368 1632 515 1707 principis
534 1632 649 1688 nomine
668 1632 842 1687 constitutam
862 1648 922 1686 rem
941 1628 1039 1703 patli-

134 1754 219 1793 cam:
242 1738 319 1795 mari
331 1757 430 1795 occano
443 1746 495 1794 aut
506 1736 637 1793 amnibus
650 1735 810 1812 lonqinquis
826 1744 935 1811 wem
949 1736 1039 1810 impe·

134 1843 234 1898 rium:
256 1842 382 1920 lesionis,
398 1842 573 1918 provincias,
596 1841 702 1910 classes,
723 1850 825 1898 cuncta
845 1842 919 1897 inter
931 1859 962 1897 se
975 1860 1037 1897 con·

135 1966 228 2005 neca:
249 1949 303 2023 jas
323 1948 404 2023 apud
423 1947 503 2015 cives,
526 1947 688 2003 accinctione
712 1945 793 2022 apud
814 1946 917 2003 socios:
940 1945 1036 2002 urbem

136 2053 228 2125 nisam
242 2053 389 2129 maqnifim
403 2061 505 2109 ornatu
511 2072 522 2123 ,⁰
533 2071 632 2127 panca
642 2052 794 2108 admodum
804 2052 834 2107 ai
846 2060 974 2120 tractata,
983 2070 1036 2126 quo

135 2159 230 2215 ceteris
243 2160 321 2233 quies
334 2166 409 2215 esset.

176 2259 214 2317 X.
256 2260 412 2318 Dicebatur
426 2269 531 2329 contra,
540 2262 675 2336 pietatem
688 2280 755 2337 crya
761 2270 913 2336 parentem
925 2271 953 2319 01
969 2271 1038 2318 tenc·

129 2386 204 2441 pora
231 2367 273 2424 rei
291 2366 421 2442 publicae
448 2367 567 2424 adtmtui
592 2376 726 2441 sumpta:
757 2377 876 2424 ceterum
903 2368 1040 2442 cupidine

135 2473 302 2529 dominandi
323 2474 438 2530 concitos
455 2492 511 2549 per
534 2471 709 2548 laryitioncm
730 2482 879 2542 veteranos,
895 2482 1039 2547 paratum

135 2577 169 2635 01
194 2577 358 2636 adolescente
376 2578 490 2653 priuato
514 2577 672 2646 exercitum,
687 2587 836 2652 conruptas
859 2575 980 2634 consulis
999 2576 1041 2637 le-

130 2686 236 2761 yiones,
247 2683 409 2742 simulatam
419 2684 663 2760 Pompeianarum
671 2684 798 2759 qratiam
804 2684 959 2758 partium
974 2702 1040 2741 mos

136 2791 184 2848 ubi
211 2791 313 2848 decreto
342 2799 463 2866 patrum
480 2790 579 2863 fasces
606 2797 632 2846 01
648 2789 702 2863 jas
725 2789 866 2863 praetoris
892 2789 1039 2856 invaserit,
1089 2798 1098 2815 ’
1119 2774 1120 2783 ¹

136 2897 223 2953 caesis
247 2895 346 2953 Hirtio
370 2904 396 2952 01
419 2895 529 2963 Pansa,
546 2894 624 2972 (sice
646 2893 728 2950 hostis
752 2892 820 2961 ilias,
841 2913 890 2951 seu
903 2891 1041 2951 Pansam

136 3017 273 3056 cenenum
291 2998 402 3055 0110ον1
419 2999 568 3072 adfusum,
590 2998 638 3054 sui
657 2996 758 3054 milites
779 2997 913 3055 Hirtium
933 3007 961 3056 01
976 3017 1042 3056 ma·

137 3101 261 3158 chinator
281 3100 337 3158 doli
356 3100 462 3159 Cacsar
485 3096 664 3169 abstulerat)
683 3102 827 3176 utriusque
847 3103 941 3178 copias
961 3122 1041 3160 occu·

132 3206 264 3281 pavisse:
295 3215 427 3264 extortum
455 3207 542 3264 inrito
569 3215 668 3263 senata
691 3182 874 3275 consulatum,
902 3226 1042 3283 armaque
1118 3232 1119 3257 r

137 3329 208 3387 quae
221 3311 253 3366 in
262 3306 421 3367 Antonium
434 3311 582 3386 adceperit,
596 3320 692 3368 contra
705 3330 765 3368 rem
773 3310 919 3387 publicam
933 3332 1040 3378 0000ος

130 3418 362 3493 proscriptionem
382 3416 497 3485 aicium,
511 3417 661 3474 divisiones
677 3436 818 3492 aornim,
832 3436 868 3475 nc
889 3419 960 3493 nisis
977 3409 1059 3494 qus?

138 3525 201 3583 dem
214 3523 365 3599 quifecere
378 3519 516 3581 laudatas.
552 3521 631 3581 Sane
647 3520 728 3581 Casii
741 3532 767 3580 et
779 3522 938 3585 Brutorum
951 3525 1042 3582 esitus
