2242 3992
134 324 174 381 38
505 342 652 384 uncinus.

134 498 206 543 cere,
266 478 352 537 Brevi
384 479 483 537 deinde
515 480 663 538 Britannia
690 479 864 538 consularem
894 478 1033 538 Petilium
1114 528 1115 543 2

134 583 274 642 Cerialem
296 585 411 662 accepit.
463 585 634 643 Habuerunt
654 587 773 643 virtutes
796 586 917 663 spatium
935 604 1035 642 exem-

132 690 252 767 plorum.
288 689 345 748 Sed
354 691 444 768 primo
456 690 574 749 Cerialis
587 690 672 747 modo
684 689 794 747 labores
811 698 840 747 et
858 690 1033 758 discrimina,

133 815 199 852 mox
213 804 242 852 et
254 795 374 872 gloriam
390 797 630 863 communicabat;
651 814 732 872 saepe
749 796 822 873 parti
841 796 981 853 exercitus
1003 795 1035 852 in

135 900 363 977 experimentum,
391 900 540 977 aliquando
567 900 720 977 majoribus
744 901 831 977 copiis
858 920 893 957 ex
927 909 1036 959 eventu

133 1005 288 1082 praefecit:
307 1025 360 1063 neo
375 1006 512 1083 Agricola
523 1025 657 1083 umquam
676 1007 706 1062 in
725 1026 805 1063 suam
824 1005 929 1063 famam
942 1007 1036 1082 gestis

137 1111 303 1179 exsultavit3
326 1112 362 1168 ad
385 1120 527 1168 auctorem
551 1119 579 1168 et
600 1111 708 1180 ducem,
732 1119 764 1167 ut
784 1111 919 1178 minister,
940 1110 1037 1169 fortu-

137 1237 203 1295 nam
217 1218 364 1275 referebat.
398 1218 443 1279 Ita
456 1219 560 1275 virtute
574 1218 603 1274 in
618 1216 805 1294 obsequendo,
820 1216 992 1274 verecundia
1005 1218 1036 1274 in

137 1323 332 1399 praedicando,
346 1331 425 1381 extra
437 1322 580 1390 invidiam,
593 1340 646 1378 nec
659 1329 739 1377 extra
750 1280 986 1483 gloria‘rpffl

176 1427 230 1485 1x.
270 1427 471 1486 Revertentem
484 1429 520 1487 ab
534 1428 674 1504 legatione
687 1426 805 1504 legionis
857 1445 909 1482 vus
923 1426 1039 1504 Vespa·

138 1533 232 1590 sianns
259 1534 333 1593 inter
360 1534 493 1611 patricios
521 1533 648 1600 adscivit,
675 1553 708 1590 ac
739 1531 839 1589 deinde
872 1532 1038 1608 provinciae

140 1640 309 1715 Aquitaniae
330 1642 497 1718 praeposuit,
522 1639 684 1718 splendidae
706 1638 736 1695 in
758 1638 856 1714 primis
879 1637 1039 1713 dignitatis,

139 1745 378 1825 administratione
395 1766 429 1804 ac
447 1766 495 1823 spe
514 1745 683 1813 consulatus,
697 1743 743 1801 cui
763 1742 923 1799 destinarat.
965 1742 1040 1802 Cre-

139 1849 210 1907 dunt
228 1849 363 1927 plerique,
383 1851 549 1907 militaribus
573 1849 693 1926 ingeniis
713 1847 894 1905 subtilitatem
918 1847 1039 1915 deesse3

140 1957 206 2031 quia
225 1956 373 2033 castrensis
391 1955 548 2032 jurisdictio
569 1974 668 2012 secura
691 1962 720 2010 et
742 1953 877 2021 obtusior,
897 1973 930 2010 ao
953 1953 1039 2030 plura

140 2080 224 2118 manu
247 2081 343 2138 agens,
365 2061 544 2118 calliditatem
563 2061 620 2119 fori
642 2079 699 2117 non
720 2067 857 2117 exerceat.
898 2059 1059 2135 Agricola·

140 2167 260 2224 natinali
273 2167 428 2244 prudentia,
443 2169 571 2244 quamvis
586 2168 660 2224 inter
677 2174 797 2242 togatos,
811 2166 894 2224 facile
903 2167 1040 2244 justeque

140 2272 250 2346 agebat.
297 2270 363 2329 Jam
386 2291 454 2329 vero
480 2280 608 2349 tempora
633 2290 763 2329 curarum
786 2272 1040 2349 remissionumque

141 2374 239 2435 divisa.
271 2373 330 2433 Ubi
344 2384 497 2433 conventus
508 2397 541 2434 ac
548 2377 655 2453 judicia
664 2385 819 2454 poscerent,
830 2376 933 2452 gravis,
944 2377 1039 2433 inten-

141 2487 196 2547 tus,
217 2498 340 2549 severus,
361 2490 390 2538 et
410 2482 518 2558 saepius
536 2482 711 2539 misericors:
732 2480 780 2537 ubi
799 2480 890 2537 officio
910 2482 1041 2539 satisfac·

141 2592 212 2652 tum,
232 2585 311 2643 nulla
329 2585 404 2644 ultra
423 2588 569 2664 potestatis
589 2607 726 2665 persona:
745 2587 887 2645 tristitiam
907 2595 936 2645 et
955 2588 1042 2645 adro·

142 2691 267 2764 gantiam
284 2698 313 2749 et
331 2692 476 2750 avaritiam
494 2699 627 2749 exueratr
647 2711 700 2749 nec
718 2691 768 2760 illi,
782 2691 859 2769 quod
871 2699 914 2749 est
928 2691 1042 2748 rarissi-

142 2814 228 2865 mum,
248 2806 298 2854 aut
316 2798 436 2855 facilitas
457 2797 660 2862 auctoritatem,
681 2806 729 2855 aut
750 2799 884 2856 severitas
903 2816 1040 2866 amorem,

143 2901 287 2963 deminuit.
338 2903 534 2981 Integritatem
561 2913 645 2980 atque
672 2905 868 2962 abstinentiam
898 2904 928 2961 in
958 2912 1041 2961 tanto

141 3007 203 3063 viro
216 3007 330 3076 referre,
344 3008 447 3085 injuria
458 3009 594 3067 virtutum
606 3008 701 3066 fuerit.
741 3007 904 3066 Nefamam
917 3007 1043 3085 quidem,
1114 3000 1115 3009 ¹

144 3112 189 3168 cui
208 3113 292 3169 etiam
313 3132 395 3190 saepe
411 3114 479 3170 boni
499 3113 655 3190 indulgent,
680 3112 846 3172 ostentanda
864 3114 968 3170 virtute
989 3122 1041 3170 aut

142 3235 193 3292 per
215 3225 305 3274 artem
326 3218 484 3295 quaesivit:
510 3219 609 3296 procul
632 3220 668 3276 ab
694 3220 879 3276 aemulatione
903 3219 1039 3275 adversus

143 3319 281 3396 conlegas,
305 3320 402 3398 procul
427 3340 444 3378 a
466 3323 644 3380 contentione
667 3323 802 3382 adversus
821 3332 1040 3401 procuratores:

142 3435 171 3483 et
193 3426 305 3483 vincere
327 3426 488 3503 inglorium,
510 3436 538 3485 et
556 3408 651 3485 adteri
671 3429 813 3487 sordidum
842 3430 1041 3487 arbitrabatur.
1112 3447 1116 3461 ·

144 3531 243 3590 Minus
256 3532 406 3589 triennium
420 3533 449 3590 in
468 3552 502 3592 ea
521 3534 660 3610 legatione
679 3535 817 3604 detentus,
836 3536 982 3593 aestatim
1001 3533 1040 3591 ad
