2242 3992
347 370 524 416 assumus
544 373 642 415 arana
663 376 685 416 1.
906 353 961 411 111

18 527 30 563 r·
84 508 183 577 thaan,
188 507 286 583 plnres
298 508 428 586 caplioos,
442 513 636 589 incorruptam
643 512 785 590 predam
789 513 866 586 fore.
907 508 965 585 Igi-

83 620 125 668 tur
136 623 194 671 orta
207 614 251 671 die
263 624 401 692 proruunt
413 617 515 686 fossas,
524 617 654 694 injiciunt
663 625 762 686 crates,
776 635 885 673 summa
898 612 965 671 valli

18 739 42 804 1-ι
84 728 214 793 prensant,
236 738 300 776 raro
322 739 406 797 super
424 720 514 778 milite
534 733 563 779 et
583 724 663 799 quasi
683 723 719 780 ob
739 731 846 781 metum
866 720 965 778 defixo.

18 844 27 878 a
84 822 229 901 Postquam
241 825 357 883 haesere
369 827 558 897 munimentis,
573 827 656 886 datur
670 829 831 887 cohortibus
845 828 965 904 signum,

19 949 26 986 1
83 948 234 1007 cornuaque
246 932 376 988 actubae
394 933 581 991 concinuere:
602 935 666 992 exin
683 935 804 993 clamore
823 942 852 991 et
870 933 967 1011 inpetu

83 1036 160 1111 tergis
175 1035 382 1095 Germanorum
400 1038 670 1109 circumfunduntur,
690 1040 890 1118 exprobrantes
911 1058 968 1095 aaa

18 1164 25 1206 1
81 1142 119 1200 lic
139 1143 233 1213 aloa,
259 1164 310 1202 aec
329 1144 460 1220 paludes,
483 1146 533 1203 scd
557 1148 655 1223 aequb
680 1146 745 1205 locis
771 1166 871 1223 aequos
898 1146 969 1202 deos.

18 1268 25 1302 ,1
82 1246 161 1306 Hosti
181 1249 266 1307 facile
286 1250 424 1307 excidium
443 1260 472 1308 et
492 1271 595 1328 paucos
613 1272 647 1310 ac
665 1271 817 1310 semermos
835 1249 969 1328 cogitanti

18 1375 26 1408 s
80 1373 158 1412 sonus
181 1356 323 1425 tubarum,
341 1355 436 1432 fulgor
455 1376 605 1427 armorum,
626 1367 731 1436 quanto
750 1357 872 1435 inopina,
892 1363 971 1413 tanto

19 1475 26 1511 t
79 1461 193 1537 majora·
208 1461 418 1519 obiimduntur:
450 1463 649 1540 cadebantque,
673 1473 705 1521 ut
731 1464 814 1521 rebus
842 1461 971 1520 secundis

18 1588 25 1632 2,
81 1565 157 1634 aridi,
178 1567 221 1624 ita
243 1567 367 1625 adversis
391 1568 504 1625 incauti.
544 1569 692 1627 Arminius
715 1570 832 1645 integer,
857 1567 971 1644 Inguio-

19 1708 24 1718 -
81 1688 170 1727 merus
193 1680 259 1748 post
282 1690 369 1748 grave
389 1671 491 1729 vulnus
518 1692 642 1749 pugnam
668 1672 840 1730 deserueres
869 1670 971 1747 vulgus

81 1776 247 1834 trucidatum
261 1785 304 1834 est
317 1777 406 1834 donee
423 1778 466 1835 ira
485 1786 514 1835 et
532 1778 592 1835 dies
609 1779 771 1855 permansit.
812 1776 904 1834 Nocte
925 1776 971 1834 de·

18 1907 21 1939 t
81 1898 154 1937 mum
173 1900 305 1939 reversae
323 1880 456 1958 legiones,
473 1882 601 1959 quamvis
622 1882 684 1959 plns
704 1881 861 1949 vulnerum,
876 1879 973 1937 eadem

19 2017 33 2042 =,
82 1984 206 2042 ciborum
218 1994 327 2061 egestas
341 1985 481 2063 fatigaret,
489 1988 548 2045 vim
562 1987 709 2046 sanitatem
723 1986 816 2064 copias
831 1994 931 2044 cuncta
944 1985 974 2041 in

30 2087 33 2188 l
83 2091 198 2149 naaria
211 2092 344 2150 habuere.

29 2197 33 2282 l
127 2197 240 2255 LXIX.
298 2198 466 2256 Pervaserat
493 2200 605 2258 interim
636 2200 817 2257 circumventi
843 2199 975 2259 exercitas

29 2285 30 2300 ¹
81 2301 161 2372 fama,
182 2312 214 2360 et
235 2304 333 2379 infesto
350 2305 558 2363 Germanorum
581 2307 694 2383 agruim
715 2303 825 2363 Gallias
839 2304 919 2379 peti:
942 2321 975 2358 ac

82 2407 110 2463 ni
120 2408 280 2484 Agrippina
292 2408 443 2485 inpositum
454 2408 557 2468 Rheno
571 2418 685 2487 pontem
696 2409 769 2467 solvi
778 2407 974 2486 prohibuisset,

27 2557 30 2568 .
81 2522 159 2571 erant
177 2514 228 2590 qui
247 2513 278 2570 id
294 2512 431 2590 flagitium
443 2514 599 2573 'formidine
620 2515 771 2573 auderent:
791 2513 842 2572 sed
860 2513 974 2581 femina,

80 2622 179 2699 ingens
193 2622 287 2691 animi,
300 2623 397 2680 munia
408 2622 488 2681 ducis
505 2643 556 2701 per
574 2625 622 2681 eo's
639 2623 698 2681 dies
715 2622 814 2689 induit,
827 2621 975 2679 militibus·

25 2785 29 2812 r
81 2746 144 2803 que,
154 2736 190 2784 ut
199 2727 262 2803 quis
272 2727 352 2804 inops
362 2736 411 2785 ant
425 2729 543 2798 saucius,
554 2737 662 2787 vestem
675 2736 704 2786 et
711 2728 837 2785 fomenta
846 2726 975 2801 dilargita

23 2821 28 2900 l
80 2844 131 2894 est.
174 2834 275 2893 Tradit
294 2833 328 2893 C.
344 2834 462 2903 Plinius,
477 2834 710 2893 Gennanioorum
730 2833 868 2890 bellorum
888 2832 974 2908 scrip·

22 2903 27 3000 l
79 2950 132 3011 tor,
159 2942 270 2998 stetisse
293 2939 367 3017 apud
393 2940 559 3016 principium
583 2940 684 3017 pontis,
708 2937 805 2996 laudes
829 2946 858 2995 et
880 2945 974 3014 grates

78 3046 201 3104 reversis
214 3045 370 3122 legionibus
383 3044 542 3102 habentem.
584 3043 619 3102 Id
633 3044 740 3102 Tiberii
753 3043 876 3101 animum
891 3043 974 3101 altius

77 3152 255 3229 penetravitc
275 3171 332 3209 aare
351 3154 429 3209 caim
447 3150 586 3228 simplices
605 3170 652 3209 eas
672 3170 828 3220 carnatico
845 3151 977 3209 adversim

77 3268 203 3317 maroa
226 3256 344 3316 militem
366 3235 485 3333 panai:
514 3255 590 3315 aiiii
613 3255 738 3316 relictam
766 3256 978 3332 imperatoribus

78 3363 130 3421 abi
140 3365 260 3438 femina
279 3362 438 3439 maumas
457 3364 610 3433 interviret,
628 3365 710 3440 sipia
729 3364 819 3432 adeat,
832 3362 976 3439 larpitioae

19 3517 20 3534 ,
77 3480 213 3546 temptet;
233 3479 379 3545 marquart
386 3488 496 3545 param
508 3468 649 3525 seditiose
659 3466 759 3543 filiam
776 3465 855 3523 dacis
867 3461 977 3540 prepalc'

19 3615 21 3656 1
79 3580 177 3640 habita
203 3580 393 3656 circumferat,
421 3578 624 3655 Caesaremque
656 3576 813 3652 Caligulam
839 3571 977 3649 adpellari
