2242 3992
483 134 487 143 ·
735 7 984 271 rs

100 307 139 369 56
472 290 620 416 sabinus.
602 226 751 407 ff
756 262 818 365 uls

13 447 18 465 ¹
97 471 157 531 ideo
177 480 293 533 eatremo
316 480 390 529 mnu
408 490 536 583 cerporq
536 418 699 581 ἀᾶιιε
687 491 719 528 tn
742 471 785 529 ιιι
809 472 937 550 vestigiis,
966 473 1004 530 in

96 577 196 652 quibas
202 575 336 652 pultem
349 586 375 633 et
364 541 604 651 spectabilem
573 578 719 634 victoriam
732 577 854 635 ederetis.
886 576 1002 635 Trans-

97 683 162 762 igile
182 700 247 739 enm
269 681 503 756 expeditionibus:
526 683 652 758 inponite
677 683 883 758 qninquaginta
910 685 1004 740 annis

97 806 232 864 magnum
263 787 359 844 diem:
398 786 546 862 adprobate
572 787 739 862 reionblt'cne
770 806 918 863 nunqnam
951 807 1002 845 en·

96 892 195 963 nutui
225 893 356 967 inputari
384 892 510 967 potuisse
535 901 586 950 ont
611 911 705 963 moras
730 891 792 951 delli
818 902 870 949 unt
895 912 1001 950 conans

97 986 256 1054 rebellandi.
393 1026 402 1034 .,

136 1097 261 1156 XXXV.
302 1098 341 1156 Et
360 1097 528 1176 adloquente
548 1099 640 1158 adhuc
655 1100 792 1176 Agricola
806 1101 927 1159 militum
948 1122 997 1160 ar-

97 1203 148 1261 dor
166 1203 313 1297 eminebat,
328 1212 357 1261 et
375 1204 459 1262 finem
478 1204 638 1262 orationis
630 1214 730 1281 uigens
747 1205 876 1263 alacritas
894 1224 996 1265 conse-

96 1317 160 1366 cuta
186 1286 244 1378 est,
266 1309 414 1385 statimque
440 1308 477 1367 ad
503 1328 582 1366 arma
614 1309 779 1367 discmsum.
838 1310 993 1370 Instinctos
1070 1322 1073 1329 ’

95 1422 262 1490 ruentesque
280 1414 320 1471 ita
337 1413 481 1491 disposuit,
500 1422 533 1474 ιιι
550 1412 677 1490 peditum
697 1414 808 1483 auxilia,
831 1435 902 1491 quae
925 1427 993 1474 octo

93 1516 171 1601 milia
183 1526 272 1586 erant,
292 1518 412 1577 mediam
425 1519 514 1579 aciem
522 1518 680 1587 firmarent,
699 1519 824 1594 equitum
844 1521 897 1577 tria
910 1521 993 1579 milia

58 1657 68 1715 s
84 1598 222 1709 'cornibus
243 1592 483 1682 adfunderentur:
503 1624 629 1700 legiones
649 1644 701 1702 pro
719 1625 801 1693 vallo
813 1634 923 1699 stetere,
944 1628 992 1683 in-

92 1746 161 1814 gens
175 1732 307 1792 victoriae
321 1731 405 1799 decus
419 1732 490 1788 citra
504 1729 666 1788 Romanum
678 1732 844 1807 sangninem
861 1701 991 1802 bellanti,

92 1845 121 1894 et
142 1812 275 1894 auxilium
293 1837 317 1910 si
334 1824 514 1913 pellerentur.
554 1835 755 1895 Britannorum
770 1838 855 1907 acies,
879 1839 908 1894 in
924 1859 991 1915 spe-

60 1940 162 2027 ρ,ιιιιιιι
179 1913 262 1999 simul
282 1962 315 1998 ac
327 1949 472 2021 terrorem,
485 1940 650 1998 editioribus
668 1941 736 1998 loeis
755 1930 917 2018 constiteqat
937 1943 998 2026 ita,⁴

91 2055 122 2104 ιιι
137 2048 259 2125 priinum
276 2066 377 2129 ugmqn
395 2066 493 2123 aequo,
513 2047 599 2129 ceteri
616 2066 667 2124 per
685 2046 791 2104 acclive
803 2031 904 2124 jugum
917 2068 987 2104 oon-

90 2153 155 2210 nexi
168 2152 247 2210 velut
258 2153 453 2227 insurgerent;
472 2151 565 2227 media
582 2152 672 2229 campi
686 2152 843 2233 norinatim
856 2161 1005 2239 alequas,

92 2258 209 2337 strepitu
229 2276 262 2313 ac
282 2242 410 2312 discursu
430 2256 596 2332 complebat.
645 2257 720 2314 Tum
741 2258 883 2335 Agricola,
904 2279 989 2335 supe·

90 2336 312 2420 raute'hostium
333 2362 519 2439 multitudine,
533 2364 639 2421 veritus
658 2383 694 2420 ne
713 2364 796 2421 simul
813 2365 843 2420 iu
861 2365 997 2432 frontem,

54 1914 58 1945 l

91 2470 221 2529 simulet
242 2470 331 2527 latera
353 2488 467 2527 suorum
488 2477 669 2546 pugnaretur,
689 2470 810 2547 diductis
827 2470 985 2551 ordinibus,
994 2500 1048 2541 ,ιι
1115 2446 1120 2481 ¹

53 2568 55 2575 ’
90 2594 258 2654 quamquam
279 2575 435 2652 porrectior
460 2575 534 2632 acies
554 2575 652 2632 futura
671 2584 740 2644 erat,
762 2585 791 2632 et
808 2579 990 2635 armandas

89 2682 214 2759 plerique
226 2680 343 2759 legiones
360 2679 555 2747 admonebant,
535 2681 769 2759 tpromptior
746 2681 776 2736 in
784 2699 875 2783 spem
874 2681 986 2842 ffr-

87 2806 150 2844 mus
163 2786 296 2855 adversis,
311 2785 424 2842 dimisso
438 2803 511 2860 equo
524 2783 610 2860 pedes
624 2792 688 2842 ante
699 2760 813 2841 vexilla
816 2772 947 2843 mustint.
1029 2834 1044 2849 ,,

128 2890 268 2950 XXXVI.
317 2891 363 2948 Ac
383 2891 474 2968 primo
497 2908 649 2965 congressu
673 2891 781 2947 eminus
806 2892 987 2949 certabatur.
997 2864 1010 2873 l

87 2997 170 3055 simul
189 2996 353 3064 constantia,
368 2995 452 3052 simul
467 3002 532 3052 arte·
541 2993 680 3063 Britanni,
699 2991 859 3070 ingentibus
880 2995 983 3071 gladiis

87 3110 116 3159 et
138 3100 269 3157 brevibus
290 3099 382 3168 cetris,
402 3098 519 3155 missilia
538 3106 700 3155 nostrorum
719 3099 816 3167 vitare,
830 3099 877 3173 vel
896 3118 984 3157 exose

85 3217 154 3274 tere,
167 3206 251 3282 atque
269 3205 323 3281 ipsi
341 3224 472 3280 maguam
485 3205 543 3261 vim
555 3204 677 3262 telorum
690 3203 911 3282 superfimdere3
930 3203 983 3261 do-

85 3333 137 3372 nec
161 3310 297 3389 Agricola
319 3319 376 3368 tres
398 3310 569 3369 Batavorum
593 3310 721 3368 cohortes
745 3332 778 3369 nc
798 3313 981 3387 Timgrorum

85 3420 152 3477 duas
166 3418 327 3476 cohortatus
341 3427 392 3486 est,
405 3424 438 3473 ut
458 3437 517 3474 rem
537 3417 574 3475 ad
591 3437 740 3487 mucrones
759 3438 792 3476 ac
811 3414 983 3499 manusad·

84 3520 233 3582 ducerent:
261 3521 336 3599 quod
355 3530 384 3579 et
403 3522 471 3598 ipsis
491 3530 630 3580 vetustate
650 3504 768 3581 militiae
786 3524 981 3591 exercitatum,
