2242 3992
123 315 162 373 68
496 333 644 375 ramnus.

119 469 173 528 lica
186 489 271 539 arma,
287 469 437 548 Pompeius
456 471 531 548 apud
553 471 677 530 Siciliam
696 472 856 550 obpressus,
875 481 1019 550 exutoque

120 575 238 653 Lepido,
251 575 400 634 interfecto
415 577 601 645 Antonique
619 576 741 637 Julianis
759 579 872 656 quidem
888 579 1018 657 partibus

118 681 172 738 nisi
188 681 293 740 Caesar
312 680 367 738 dux
389 680 522 758 reliquus,
544 682 636 758 posito
654 683 794 740 triumviri
811 684 935 753 nomine,
951 703 1020 741 con·

118 783 208 842 sulem
229 804 258 841 se
278 785 424 854 ferens,et
443 785 630 843 adtuendam
649 786 760 863 plebem
780 787 930 845 tribunicio
953 788 1019 863 jure
1102 808 1103 843 1

118 898 279 948 contentum
291 914 299 958 ;
318 891 367 949 ubi
380 891 497 948 militem
511 890 600 959 donis,
615 891 749 968 populum
766 911 885 961 annona,
900 901 1019 949 cunctos

119 994 265 1054 dulcedine
286 996 335 1053 otii
355 996 478 1073 pellexit,
498 996 646 1073 insurgere
664 996 806 1074 paulatim,
822 998 920 1055 munia
938 1017 1019 1055 sena·

118 1109 173 1170 tus,
197 1103 420 1179 magistratuum,
445 1102 541 1180 legum
564 1103 594 1159 in
616 1121 647 1160 se
668 1101 791 1169 trahere,
813 1103 893 1160 nullo
915 1102 1018 1160 adver·
1103 1090 1104 1143 ἶ

117 1213 216 1273 sunte3
236 1224 300 1262 cum
313 1205 478 1262 ferocissimi
495 1223 546 1282 per
565 1206 638 1263 acies
656 1213 705 1263 aut
723 1207 928 1284 proscriptione
944 1209 1017 1265 oeci·

119 1310 234 1378 dissent,
248 1312 333 1368 ceteri
350 1311 495 1380 nobilium,
510 1320 616 1388 quanto
634 1312 697 1388 quis
717 1312 831 1370 servitio
849 1314 1016 1391 promptior,
1094 1290 1099 1299 ⁴

118 1415 217 1493 opibus
241 1423 270 1473 et
291 1415 445 1479 bonoribus
468 1416 677 1485 extollerentur,
701 1436 735 1473 ac
757 1417 838 1474 novis
865 1437 900 1475 ex
929 1418 1014 1476 rebus

117 1522 192 1579 aucti
212 1529 274 1579 tuta
289 1529 317 1579 et
333 1521 490 1599 praesentia
505 1540 590 1598 quam
607 1528 704 1584 vetera
721 1529 750 1577 et
767 1520 925 1597 periculosa
945 1520 1016 1578 mal·

116 1627 184 1685 lent.
225 1627 325 1705 Neque
338 1627 496 1705 provinciae
509 1625 589 1683 illum
607 1645 701 1682 rerum
719 1633 823 1683 statum
841 1625 1012 1693 abnuebant,
1105 1704 1106 1707 Ἴ

116 1739 246 1808 suspecto
271 1739 382 1789 senatus
409 1731 559 1808 populique
583 1731 699 1808 imperio
722 1730 759 1788 ob
787 1731 941 1788 certamina
965 1751 1013 1808 po-

115 1836 234 1893 tentium
246 1843 275 1893 et
288 1836 432 1893 avaritiam
444 1836 675 1912 magistratuum
688 1834 811 1893 invalido
824 1836 919 1912 legum
936 1836 1013 1893 auxi·

115 1940 161 2011 lio,
175 1961 247 2019 quae
260 1942 298 2010 vi,
312 1941 426 2010 ambitu,
440 1949 582 2019 postremo
595 1940 922 2018 pecuniaturbabantnr.
982 1966 1001 1991 ,ν
1106 1980 1107 1987 1

156 2045 211 2104 111.
252 2046 385 2105 Ceterum
399 2046 556 2122 Augustus,
576 2044 700 2102 subsidia
717 2044 906 2112 dominationi,
923 2043 1011 2103 Cleu-

117 2152 194 2209 dium
208 2149 386 2218 Marcellum,
401 2150 504 2207 sororis
522 2149 620 2218 filium,
634 2149 784 2206 admodum
802 2148 1011 2208 adolescentem

116 2254 279 2334 pontificatu
292 2261 321 2311 et
334 2253 423 2311 curuli
437 2253 596 2320 aedilitate;
610 2252 742 2310 Marcum
752 2253 919 2330 Agrippam,
929 2253 1011 2329 igno-

114 2359 200 2417 bilem
219 2359 290 2427 loco,
303 2358 409 2415 bonum
420 2356 521 2414 militia
533 2365 563 2414 et
575 2357 708 2414 victoriae
729 2357 844 2425 socium,
861 2356 1011 2432 geminatis

116 2463 305 2522 consulatibus
332 2462 438 2531 extulit,
465 2481 531 2519 mox
556 2461 689 2519 defuncto
711 2461 849 2519 Marcello
873 2480 1010 2538 generum

116 2569 251 2647 sumpsit3
273 2568 417 2626 Tiberium
431 2567 576 2625 Neronem
593 2575 622 2624 et
637 2566 786 2626 Claudium
800 2565 938 2635 Drusum,
953 2566 1010 2644 pri·

114 2677 223 2753 signos,
236 2672 421 2751 imperatoriis
440 2670 600 2729 nominibus
619 2671 704 2739 auxit,
719 2671 831 2747 integra
850 2670 934 2727 etiam
949 2679 1009 2727 tum

115 2780 198 2838 domo
216 2799 276 2836 sua.
312 2776 387 2835 Nam
400 2776 510 2853 genitos
525 2775 661 2852 Agrippa,
677 2774 777 2833 Caium
790 2794 823 2831 ac
837 2774 967 2843 Lucium,
981 2775 1010 2830 in

114 2885 248 2942 familiam
276 2883 428 2942 Caesarum
454 2878 621 2946 induxerat3
650 2878 770 2936 necdum
793 2879 883 2956 posita
907 2877 1008 2956 puerili

114 2997 265 3068 praetexta,
284 2989 430 3063 princepsa
438 2988 598 3062 juventutis
618 2984 761 3062 adpellari,
782 2981 924 3042 destinari
940 2990 1007 3041 con·

114 3095 197 3163 sules,
222 3092 313 3169 speeie
339 3091 493 3149 recusantis
520 3090 734 3167 flagrantissime
746 3090 912 3175 ‘cupiverat
964 3087 1007 3146 Ut

115 3200 244 3276 Agrippa
252 3197 312 3254 vita
322 3196 467 3264 concessit,
477 3194 597 3252 Lucium
606 3174 757 3285 Caesarem
770 3202 883 3252 euntem
890 3192 927 3251 ad
938 3191 1007 3250 His-

114 3305 261 3382 panienses
284 3302 430 3369 exercitus,
446 3300 546 3360 Caium
567 3279 742 3359 remeantem
752 3299 889 3359 Armenia
901 3307 931 3356 et
943 3296 1006 3354 vul·

114 3428 182 3469 nere
201 3407 354 3465 invalidum
375 3425 451 3463 mors
474 3406 533 3464 fato
553 3426 672 3483 propera
688 3407 734 3463 vel
757 3424 894 3464 novercae
908 3402 1007 3462 liviae

117 3516 196 3574 dolus
210 3514 343 3584 abstulit;
363 3512 516 3591 Drusoque
528 3512 637 3589 pridem
649 3513 795 3580 exstincto,
810 3509 888 3568 Nero
899 3507 976 3565 solus
990 3524 1006 3563 e
