2242 3992
156 319 196 376 80
530 322 680 382 ricinos.

155 476 291 535 montium
304 479 458 554 adripiunt.
499 479 654 539 Enimuero
672 480 805 539 militium
825 482 919 557 epium
930 501 1060 558 prooem,

155 582 380 656 infructuosam:
403 586 483 642 denis
500 586 532 643 in
548 587 624 643 diem
644 587 752 644 uocibus
771 588 901 645 unimam
919 597 946 644 et
961 607 1062 663 corpur

154 688 322 775 aestimari:
345 689 411 746 binc
432 698 541 760 vectem,
567 709 660 759 ormo,
682 692 810 759 tentorio,
824 691 890 748 binc
909 692 1060 748 soevitiam
1111 692 1113 787 3

155 794 350 851 centurionum
364 803 390 851 et
402 797 558 852 oocotionea
577 814 729 853 munerum
747 797 861 854 redimi.
899 797 940 854 At
951 797 1061 854 incute

154 898 267 957 verbero
290 909 316 957 et
338 899 465 969 vulnero,
488 901 745 970 duromiiemem,
771 904 905 960 concitos
932 912 1059 971 ueatutec,

153 1004 252 1063 icium
273 1014 351 1064 atron
370 1015 422 1063 out
439 1005 559 1063 sterilem
574 1025 677 1081 putem
696 1008 886 1081 sempiterno:
908 1026 960 1064 nec
979 1007 1063 1064 uliud

152 1110 339 1169 momorum
358 1130 445 1187 quom
465 1112 492 1168 ei
508 1113 589 1168 certic
608 1111 658 1168 cub
677 1111 781 1188 lepibm
801 1111 904 1169 miluiu
925 1113 1059 1180 iniretur,

152 1225 185 1275 ut
199 1215 323 1292 tinnulae
343 1217 473 1273 donorioa
491 1225 636 1285 mererent,
658 1225 749 1273 oentm
768 1216 902 1273 decumus
923 1218 1060 1292 uiuendii

152 1341 249 1381 unnus
259 1323 353 1397 finem
371 1322 517 1394 adferret;
540 1341 576 1378 ne
600 1321 675 1379 ultro
692 1322 743 1378 rub
763 1321 871 1379 oeniliic
888 1332 1057 1391 tenerentur,

151 1427 201 1484 aed
213 1427 312 1484 iiadem
326 1427 359 1483 in
372 1428 470 1484 coatric
485 1428 653 1502 proemium
668 1428 795 1502 pecunia
810 1426 967 1485 oolouetur.
1008 1429 1056 1486 An

146 1533 307 1607 praetoriae
324 1532 447 1599 cotonea,
466 1552 538 1607 quoe
555 1531 633 1589 binoa
650 1532 780 1589 denarios
797 1534 967 1608 adceperint,
984 1554 1057 1610 quoe

145 1648 212 1713 pout
222 1639 340 1696 sedecim
353 1657 443 1697 annor
450 1637 603 1713 penatibus
615 1638 676 1694 auia
689 1638 853 1707 redduntur,
861 1637 931 1713 plus
938 1640 1056 1714 pericu·

150 1742 243 1802 iorum
255 1741 421 1820 cuscimre?
454 1742 521 1800 Nm
535 1742 678 1799 obtrectari
689 1762 709 1799 u
722 1762 750 1800 ee
764 1743 888 1801 urbanae
900 1744 1052 1804 excubiae:

149 1850 205 1911 cibi
226 1861 320 1908 tomen
342 1849 423 1926 opud
443 1848 572 1906 torridae
591 1857 686 1924 pentes
706 1867 721 1905 e
743 1849 929 1907 contuberniis
951 1850 1053 1907 boetem

151 1956 270 2031 adonici.

193 2059 307 2119 XVIII.
348 2059 540 2136 Adstrepebat
564 2057 676 2134 vulgus,
702 2057 820 2115 diversis
844 2059 1053 2128 incitamentis3

151 2164 182 2222 hi
195 2164 345 2221 verberum
358 2171 448 2232 notas,
462 2163 505 2220 illi
519 2163 659 2231 canitiem,
672 2162 786 2240 plurimi
806 2161 908 2221 detrita
926 2166 1053 2242 tegmina

151 2278 180 2327 et
189 2268 297 2325 nudum
311 2287 412 2345 corpus
426 2268 638 2344 exprobrantes.
675 2267 823 2325 Postremo
837 2287 871 2325 eo
884 2268 991 2326 furoris
1005 2289 1053 2325 ve·

150 2393 228 2443 nere,
241 2381 274 2430 ut
287 2382 345 2431 tres
359 2372 486 2448 legiones
506 2373 626 2430 miscere
644 2372 674 2428 in
691 2392 778 2429 unam
796 2372 984 2447 agitaverint:
1004 2372 1051 2429 de·

150 2480 224 2558 pulsi
233 2478 427 2547 aemulatione,
439 2478 505 2555 quia
518 2497 586 2536 suae
597 2478 718 2555 quisque
725 2476 830 2554 legioni
838 2460 904 2534 eum
913 2477 1050 2536 honorem

150 2587 331 2665 quaerebant,
345 2584 400 2641 alio
414 2591 538 2651 vertunt,
552 2590 637 2658 atque
650 2600 708 2638 una
724 2589 784 2638 tres
804 2580 913 2657 aquilas
927 2590 957 2638 et
972 2582 1051 2658 signa

149 2692 308 2753 cohortium
328 2692 442 2748 locant:
463 2687 547 2745 simul
572 2694 728 2763 congerunt
749 2687 877 2762 cespites,
902 2694 1050 2744 exstruunt

147 2799 281 2869 tribuual,
292 2818 348 2876 quo
361 2796 452 2873 magis
466 2794 617 2872 conspicua
627 2792 707 2849 sedes
717 2792 801 2849 foret.
829 2792 1049 2869 Properautibus

150 2903 268 2961 Blaesus
296 2901 418 2970 advenit,
446 2898 665 2975 increpabatque
692 2917 725 2954 ac
751 2897 889 2954 retinebat
914 2897 1049 2972 singulos,

149 3008 311 3066 clamitans:
333 3008 505 3083 Meopotius
517 3005 598 3062 coede
612 3004 726 3061 imbuite
739 3023 842 3060 manua
849 3024 864 3067 ;
884 3003 1049 3080 leuioresto-

143 3117 214 3193 pitio
226 3114 346 3190 lepctum
360 3113 529 3189 interficietis
541 3129 629 3187 quom
641 3109 675 3166 ab
689 3110 856 3184 imperatore
876 3109 1044 3166 duciacitn:

32 3189 36 3199 ¹
148 3227 200 3277 unt
210 3215 358 3274 incolumia
361 3216 453 3292 fidem
462 3213 602 3290 lepionum
615 3214 742 3283 retinebo,
756 3225 808 3273 out
818 3213 969 3292 juculutui
980 3235 1045 3291 poe·

147 3325 297 3382 nitentium
310 3319 474 3378 odoelerobo.

188 3425 272 3484 XIX.
314 3424 513 3500 Adgerebatur
524 3424 707 3483 nihilominus
727 3444 834 3502 ceapeS,
851 3426 968 3504 jamque
981 3447 1044 3504 pecc

146 3532 201 3589 tori
224 3549 315 3609 usque
338 3529 511 3599 adoraverat,
531 3549 596 3586 cum
615 3529 729 3587 tandem
747 3531 904 3607 pervicacia
924 3533 991 3590 victi
1003 3533 1045 3589 iu·
