2242 3992
430 353 605 396 ιιιιιοιι.
924 342 963 398 49

20 496 22 571 J
79 506 123 564 per
135 489 292 546 conmercia
311 490 539 567 etnegotiatores
560 491 673 567 cogniti.
715 491 851 568 Agricola
866 491 963 568 expul-

20 600 22 647 ἓ
79 593 289 686 sumseditione
310 588 463 663 domestica
480 582 569 652 unum
589 615 623 651 ex
644 590 749 673 regulis
768 598 860 672 gentis
881 610 961 655 eroe-

20 698 23 765 J
78 707 154 774 perot,
164 720 198 757 ao
213 701 306 778 specie
318 701 455 759 amicitiae
465 701 494 758 in
504 702 681 759 obcasionem
694 703 840 760 retinebat.
873 703 962 781 Saepe

78 822 105 859 ex
124 823 156 861 eo
179 804 284 889 audivi,
303 804 413 883 legione
433 786 490 862 una
509 816 538 863 et
558 807 675 865 modicis
698 808 807 884 auxiliis
828 809 961 868 debellari

20 912 22 997 ξ
67 906 243 986 'obtinerique
269 910 435 967 Hiberniam
457 931 550 989 posse.
584 913 690 992 quue
718 915 801 972 otiam
828 915 961 973 adversus

20 1022 22 1027 '
77 1011 244 1072 Britanniam
257 1015 480 1092 profuturum,
459 1036 483 1073 si
502 1016 631 1076 Romana
648 1019 751 1099 ubique
771 1040 857 1089 arma,
872 1029 900 1077 et
914 1041 962 1078 ve·
970 1076 999 1087 Ὃ

20 1099 307 1199 ξιιιιιοιιιιιιιι
319 1120 433 1189 libertas
446 1098 602 1180 tolleretur.
660 1124 664 1132 '

20 1166 22 1287 l
111 1223 205 1283 XXV.
247 1226 381 1295 Ceterum
400 1236 514 1309 aestate,
535 1248 591 1305 qua
614 1238 723 1286 sextum
747 1230 831 1287 officii
856 1250 974 1298 annum!

77 1328 383 1417 fflQhfibrbssmplfflss
397 1334 522 1419 civitates
535 1341 614 1395 trans
628 1334 791 1394 Bodotriam
805 1336 880 1404 sitas,
895 1337 961 1412 quia

77 1444 158 1492 notus
177 1438 375 1494 universarum
390 1438 465 1496 ultra
484 1438 610 1515 gentium
628 1447 658 1495 et
675 1439 779 1521 infesta
797 1438 893 1497 hostili
913 1460 961 1497 ex-

78 1541 155 1597 ercitu
168 1542 271 1623 itinera
283 1529 463 1617 timebantur,
470 1551 573 1620 portus
587 1543 676 1601 classe
689 1541 843 1621 exploravit
845 1564 859 1618 ,·
879 1566 960 1633 quae,

20 1622 22 1765 ξ
77 1639 108 1700 ιι
119 1646 254 1722 Agricola
267 1648 387 1724 primum
406 1647 578 1725 adsumpta'
570 1668 600 1704 ιι
615 1657 724 1725 partem
737 1650 847 1718 virium,
862 1669 961 1726 seque-

20 1746 148 1827 ξιιιιι
160 1752 276 1827 egregia
294 1753 394 1839 specie,
413 1770 477 1839 cnm
491 1753 574 1809 simul
586 1761 663 1809 terra
676 1754 758 1810 simul
770 1773 841 1810 marr
833 1754 959 1811 bellurn

75 1854 254 1931 inpelleretur,
272 1877 305 1945 ac
324 1877 408 1934 saepe
423 1857 522 1961 iisdem
540 1858 638 1914 castris
659 1858 743 1935 pedes
765 1877 906 1945 equesque
931 1867 959 1916 et

20 1960 23 2051 ξ
76 1943 193 2024 nauticus
206 1938 305 2034 miles
311 1950 394 2022 mix'ti
405 1940 490 2042 cdpiis
504 1974 532 2023 et
547 1954 662 2034 laetitia,
677 1986 727 2023 sua
744 1967 862 2044 quisque
875 1967 958 2035 facta,

77 2091 133 2129 suos
152 2092 234 2131 casus
254 2072 439 2139 adtollerent;
462 2091 495 2155 ιι
514 2072 599 2163 modo
620 2073 753 2129 silvarum
773 2080 801 2128 et
822 2072 972 2129 ιιοιιιιιι

75 2170 311 2255 profirnda'modo
328 2188 524 2263 tempestatum
544 2200 577 2237 ao
564 2138 876 2265 fluctuirm'qadversa,
892 2179 957 2244 hino

75 2282 140 2347 terra
151 2265 191 2373 ξιι
215 2288 314 2367 hostis,
327 2271 404 2346 ¹bino
427 2265 516 2373 victus
544 2308 663 2358 oceanus¹
690 2288 804 2367 militari
823 2290 958 2373 jactantia

75 2372 303 2483 compararentur.
343 2395 493 2461 Britannos
507 2415 626 2481 quoquo,
640 2405 720 2478 uter
733 2397 850 2473 captivis
863 2396 958 2454 audie·

74 2492 154 2570 batur,
168 2503 230 2575 visa
240 2501 344 2569 ⁴classis
364 2501 609 2587 obstupefaciebat,
627 2509 769 2578 tamquam
789 2510 885 2578 aperto
898 2523 957 2559 ma-

73 2609 105 2666 ris
128 2612 170 2675 sui
195 2586 303 2668 secreto
325 2584 455 2667 ultimum
481 2601 562 2675 victis
589 2590 748 2685 perfugium
772 2609 956 2668 clauderetur.

74 2714 115 2772 Ad
130 2735 230 2773 manus
252 2702 280 2772 et
300 2733 377 2772 arma
397 2707 524 2771 conversi
539 2712 720 2772 Caledoniam
740 2706 892 2787 incolentes
906 2734 956 2790 po·

73 2817 131 2893 puli,
144 2827 243 2897 paratu
256 2838 367 2894 magno,
380 2819 486 2894 majore
499 2816 576 2874 fama
591 2818 648 2896 (uti
658 2836 718 2873 mos
732 2826 775 2873 est
785 2817 819 2873 de
833 2815 952 2907 ignotis)

20 2976 22 3005 r
73 2924 300 3013 obpugnasse
258 2925 342 3003 ultro,
310 2924 518 3015 castella
492 2925 582 2982 adorti
595 2932 708 2981 metum
718 2933 751 2989 ut
770 2935 953 3000 provocantes

20 3020 22 3045 ³
71 3029 255 3103 addideram
265 3008 533 3106 regrediendumque
551 3030 622 3109 citra
645 3028 808 3087 Bodotriam
826 3039 855 3087 et
873 3051 953 3090 exce-

20 3128 22 3143 '
71 3133 184 3221 dandum
215 3136 308 3213 potius
336 3155 424 3212 quarn
451 3135 629 3212 pellerentur,
658 3136 749 3211 specie
775 3135 952 3212 prudentium

70 3238 156 3314 gnavi
173 3241 378 3308 admonebant3
398 3260 461 3309 curn
478 3240 590 3296 interim
609 3241 759 3317 cognoscit,
778 3240 874 3305 hostes
890 3243 952 3321 plu·

69 3343 137 3402 ribus
156 3347 313 3423 agminibus
333 3345 504 3422 inrupturos.
544 3344 590 3401 Ac
612 3364 647 3401 ne
668 3354 816 3422 superante
835 3364 951 3402 numero

70 3457 93 3506 ot
113 3453 211 3528 peritia
234 3452 358 3510 locorum
380 3436 580 3519 circumiretur,
605 3450 694 3509 diviso
717 3452 825 3527 etipse
845 3452 950 3507 intres

52 3632 55 3641 Ι
68 3538 290 3629 partesl'eirercitu
303 3558 424 3616 incessit.

813 3676 831 3714 r
