2242 3992
454 300 631 386 aemonis.
951 328 989 384 57

87 489 118 537 et
144 479 274 537 hostibus
296 479 428 557 inhabile,
452 499 538 558 parva
565 438 645 577 sputa
672 489 701 538 et
728 500 855 539 enormes
882 480 990 557 gladios

87 586 274 663 gerentibus:
294 606 362 644 nam
375 582 675 671 Britannorumlgladii
689 589 749 646 sine
766 607 900 645 mucrone
914 606 990 645 com·

89 694 210 771 plexum
232 714 384 766 armorum,
405 704 434 754 et
455 697 485 753 in
506 680 584 786 arcto
604 716 727 787 pugnam
747 695 991 787 nontolesabant.
1013 694 1027 707 ‘

90 799 196 876 Igitur,
221 810 253 858 ut
274 801 375 859 Batavi
394 802 612 872 misceremus,
634 803 720 860 ferire
741 803 917 871 umbonibus,
942 821 991 858 ora

89 910 219 979 foedare,
232 920 263 968 et
285 912 379 970 stratis
401 914 450 990 qui
471 913 501 970 in
524 932 614 990 aequo
636 912 810 981 obstiterant,
832 913 940 989 erigere
961 913 991 968 in

91 1020 182 1079 colles
206 1022 294 1078 aciem
318 1041 442 1099 coepere,
467 1029 577 1080 ceterae
598 1020 737 1091 cohortes,
761 1022 945 1080 aemulatione
962 1033 991 1081 et

90 1130 196 1206 inpetu
214 1130 377 1226 conmixpae,
404 1130 545 1208 proximos
572 1148 698 1206 quosque
720 1129 855 1187 caedere:
878 1150 911 1188 ac
933 1131 991 1207 ple-

91 1233 184 1310 rique
198 1234 351 1292 semineces
372 1242 421 1292 aut
438 1235 542 1311 integri
553 1234 733 1291 festinatione
753 1233 886 1290 victoriae
907 1231 991 1289 relin-

92 1342 262 1418 quebantur.
303 1342 421 1400 Interim
444 1344 571 1421 equitum
593 1350 703 1398 turmae
725 1340 834 1421 ffigere,
858 1340 991 1397 covinarii

92 1447 222 1524 peditum
245 1467 275 1505 se
298 1448 405 1524 proelio
428 1448 585 1506 miscuere:
607 1455 643 1515 et,
661 1465 830 1523 quamquam
850 1452 990 1502 recentem

91 1564 232 1611 terrorem
244 1554 404 1623 intulerant,
420 1554 516 1615 densis
531 1562 626 1615 tamen
646 1552 770 1611 hostium
791 1550 948 1628 agminibus
962 1559 990 1607 et

91 1661 287 1737 inaequalibus
309 1662 378 1721 locis
405 1652 578 1753 haerebant—3
597 1662 768 1741 minimeque
792 1661 929 1737 equestris
957 1680 990 1718 ea

25 1794 52 1851 .'
92 1788 206 1849 pugnae
224 1772 310 1839 facies
331 1780 399 1839 erat,
419 1791 483 1829 cum
501 1764 585 1847 aegre
603 1770 650 1828 diu
670 1779 784 1838 stantes,
803 1770 886 1827 simul
904 1789 989 1846 equo·

34 1848 47 1907 Ϊ
92 1895 159 1932 rum
178 1877 341 1953 corporibus
361 1876 571 1953 inpellerentru,
584 1896 618 1934 ac
634 1894 716 1952 saepe
736 1854 804 1950 vagi
819 1894 927 1944 currus,
941 1894 989 1931 ex-

40 2006 55 2029 ·-
91 1985 185 2042 territi
200 1985 259 2041 sine
272 1984 427 2042 rectoribus
445 1985 519 2061 eqni,
533 1992 566 2041 ut
583 2001 721 2061 quemque
739 1981 860 2039 formido
877 1981 988 2050 tulerat,

40 2070 50 2117 ἶ
90 2098 269 2146 transversos
283 2097 333 2146 aut
346 2089 444 2146 obvios
457 2089 646 2146 incursabant.

47 2176 56 2235 ἓ
134 2193 291 2252 XXXVII.
338 2193 376 2251 Et
395 2193 533 2263 Britanni,
554 2194 603 2271 qui
621 2193 713 2251 adhuc
730 2212 841 2270 pugnae
861 2201 988 2269 expertes

46 2272 66 2329 Χ·
91 2319 206 2357 summa
231 2299 346 2356 collium
373 2298 543 2368 insederant,
571 2307 600 2356 et
631 2299 810 2375 paucitatem
829 2306 989 2356 nostrorum

1 2416 2 2437 ¹
90 2405 175 2462 vacui
200 2404 376 2497 spernebant,
397 2403 513 2480 degredi
535 2403 670 2480 paulatim
691 2411 720 2461 et
743 2404 890 2462 circumire
909 2412 989 2480 terga

90 2509 265 2567 vincentium
291 2517 461 2585 coeperant;
493 2508 524 2565 ni
550 2507 581 2564 id
606 2507 698 2584 ipsum
723 2509 829 2566 veritus
854 2508 989 2584 Agricola

90 2620 226 2690 quattuor
239 2612 388 2691 equitum
376 2613 443 2682 alas,
457 2612 504 2699 ad
513 2613 606 2670 subita
620 2612 688 2671 belli
707 2621 839 2682 retentas,
853 2614 989 2670 venienti-

89 2720 145 2776 bus
167 2714 351 2795 obposuisset,
369 2727 534 2829 quantoque
551 2718 673 2801 ferocius
697 2718 886 2786 adcurrerent,
909 2726 988 2775 tanto

2 2852 4 2891 ι
88 2824 185 2902 acrius
203 2823 325 2899 pulsos
317 2842 346 2889 nr
364 2823 462 2899 fugam
482 2794 648 2899 disjecisset.
688 2822 733 2881 Ita
756 2821 902 2879 consilium
924 2822 988 2880 Bri·

3 2946 4 2949 ’
86 2938 243 2988 :annorum
266 2929 295 2985 in
303 2929 397 3005 ipsos
420 2948 553 2996 versum3
583 2936 813 3014 transvectaeque
839 2939 987 3007 praecepto

3 3018 5 3027 ’
86 3034 170 3092 ducis
185 3033 308 3090 afronte
321 3034 505 3110 pugnantium
522 3014 741 3121 cluanensem
758 3033 882 3091 hostium
899 3036 987 3093 aciem

85 3143 230 3198 invasere:
270 3139 344 3196 Tum
366 3159 435 3196 vero
455 3113 614 3217 patentibus
636 3139 705 3196 locis
726 3138 832 3214 grande
854 3147 883 3196 et
906 3149 985 3199 atrox

85 3244 298 3324 spectaculum:
329 3245 418 3322 sequi,
445 3244 603 3313 vulnerare,
628 3264 736 3323 capere,
760 3254 844 3322 atque
866 3247 987 3327 eosdem,

86 3351 194 3411 oblatis
215 3350 285 3418 aliis,
298 3350 447 3408 trucidare.
487 3351 552 3410 Jam
572 3349 704 3420 hostium,
724 3336 807 3427 prbut
827 3328 988 3427 cuiquein·

83 3457 206 3537 genium
219 3464 288 3526 erat,
303 3465 429 3514 catervae
442 3441 614 3514 armatorum
626 3457 803 3539 paucioribus
816 3464 896 3530 terga
908 3473 987 3531 prae-

84 3574 174 3632 stare,
189 3560 303 3640 quidam
318 3562 438 3621 inermes
456 3561 532 3620 ultro
549 3581 641 3632 ruere,
656 3581 690 3619 ac
710 3581 740 3618 ae
760 3561 844 3617 morti
867 3558 987 3616 obferre.
