2242 3992
328 335 506 380 auuacruu
526 339 624 380 crues
647 340 669 380 1.
890 325 947 383 107

87 473 187 533 LXII.
226 474 319 552 Igitur
332 475 478 534 Romanus
496 478 546 555 qui
564 477 661 535 aderat
679 477 817 534 exercitus
838 482 965 535 sextum

10 660 12 663 v
52 590 112 658 post
131 581 219 639 cladis
239 601 353 651 annum,
366 583 452 640 trium
473 582 616 659 legionum
634 602 706 651 ossa,
721 584 799 641 nullo
813 594 947 642 noscente

54 685 155 743 alienas
179 686 313 763 reliquias
336 706 373 744 an
397 706 513 744 suorum
539 686 626 745 humo
649 697 767 765 tegeret,
791 709 888 747 omnes
915 698 948 748 ut

10 828 12 875 ἰ
57 791 227 866 conjunctos,
237 799 270 848 ut
283 793 513 868 consanguineos,
524 802 607 851 aucta
619 795 650 851 in
662 794 773 852 hostem
787 796 838 864 ira,
848 796 948 853 maesti

10 946 26 967 Σ.
56 895 133 953 simul
147 904 177 953 et
189 896 293 955 infensi
306 897 472 956 condebant.
510 898 638 957 Primum
651 900 819 957 exstruendo
839 902 949 959 tumulo

57 1002 184 1079 cespitem
199 1002 304 1061 Caesar
321 1005 423 1081 posuit,
441 1004 601 1080 gratissimo
618 1025 734 1063 munere
752 1006 781 1062 in
800 1005 947 1064 defimctos

56 1114 81 1163 et
92 1108 285 1184 praesentibus
299 1108 403 1167 doloris
420 1111 523 1168 socius.
564 1110 649 1174 Quod
662 1111 775 1169 Tiberio
789 1109 866 1168 haud
882 1130 947 1189 pro·

56 1212 155 1283 baum,
179 1233 230 1272 seu
249 1223 350 1272 cuncta
364 1216 526 1275 Germanici
546 1217 576 1272 in
595 1216 716 1275 deterius
734 1216 866 1286 trahenti,
887 1218 948 1275 sive

58 1321 203 1378 exercitum
225 1321 347 1398 imagine
368 1342 513 1380 caesorum
529 1322 787 1400 insepultorumque
806 1322 946 1381 tardatum

58 1423 90 1481 ad
106 1427 212 1503 proelia
231 1435 260 1484 et
279 1427 532 1486 formidolosiorem
545 1428 670 1486 hostium
689 1428 838 1487 credebat:
858 1448 947 1505 neque

58 1534 251 1610 imperatorem,
265 1546 409 1612 caperata
421 1546 448 1594 ct
458 1538 650 1596 oetmticeimis
667 1538 845 1595 maasia
858 1555 947 1612 prae·

59 1639 148 1713 ditum
163 1643 431 1719 adtroetareferalia
443 1645 575 1704 debuisse.

94 1751 203 1811 LXIII.
238 1753 295 1813 Sed
309 1752 495 1812 Germanicus
509 1754 654 1811 cedentem
667 1754 697 1811 in
711 1753 774 1811 avia
785 1751 945 1810 Arminium

61 1866 169 1930 secutus,
179 1859 229 1916 uhi
241 1859 363 1936 primum
370 1859 450 1936 copia
458 1859 615 1929 fuit'evehi
629 1859 736 1935 equites
751 1877 945 1934 campumque,

63 1983 136 2041 quem
157 1966 247 2024 hostis
271 1967 420 2035 insederat,
445 1967 514 2045 eripi
538 1968 630 2044 jubet.
672 1966 819 2024 Arminius
843 1965 945 2042 conligi

63 2087 119 2128 snos
140 2080 169 2129 et
191 2073 379 2150 propinquare
399 2073 476 2131 silvis
493 2074 615 2130 monitos
629 2072 713 2130 vertit
726 2078 859 2149 repente:
878 2090 945 2129 mox

63 2174 161 2251 rignum
174 2177 373 2255 prorumpendi
386 2177 462 2234 dedit
475 2177 518 2246 iis,
532 2196 604 2254 quos
617 2195 668 2253 per
682 2175 770 2233 saltus
787 2173 946 2232 occultave-

63 2290 106 2340 rat
143 2277 226 2343 Tum
245 2302 319 2341 nova
337 2284 397 2341 acie
416 2283 545 2341 turbatus
559 2301 665 2359 eques;
685 2282 841 2357 missaeque
855 2279 946 2337 subsi-

63 2384 153 2447 diariae
166 2390 305 2459 cohortes,
319 2397 348 2447 et
359 2389 528 2466 firgientium
538 2390 649 2466 agmine
659 2388 794 2466 inpulsae,
809 2394 945 2444 auxerant

63 2496 320 2563 consumationem
346 2494 587 2572 trudebanturque
614 2496 642 2551 in
671 2494 801 2571 paludem
827 2511 944 2570 gnaram

61 2597 233 2668 vincentibus,
256 2599 380 2676 iniquam
402 2600 513 2667 nesciis,
536 2601 567 2656 ni
583 2599 686 2658 Caesar
705 2598 854 2676 productas
874 2598 946 2673 legi·

62 2721 118 2761 ones
130 2706 326 2764 instruxisset:
348 2705 413 2763 inde
426 2705 553 2763 hostibus
568 2714 668 2774 terror,
682 2704 784 2761 fiducia
796 2702 896 2769 militi3
915 2709 944 2758 et
969 2708 975 2715 “

62 2794 178 2867 manilius
198 2810 294 2887 aequis
314 2809 483 2867 abscessum.
523 2809 606 2878 Mox,
620 2809 736 2866 reducto
755 2807 792 2866 ad
805 2806 945 2863 Amisiam

62 2916 181 2985 exercitu,
205 2915 330 2992 legiones
354 2915 452 2984 classe,
474 2923 507 2971 ut
530 2915 689 2982 advexerat,
713 2921 857 2990 reportat;
879 2929 944 2989 pars

60 3020 174 3095 equitum
192 2995 286 3078 littore
305 3021 402 3078 oceani
420 3028 524 3097 petere¹
539 3019 673 3077 Rhenum
693 3019 793 3094 jussa3
815 3016 945 3085 Caecina,

61 3125 103 3200 qui
123 3146 203 3184 suum
226 3126 344 3184 militem
368 3125 495 3194 ducebat,
518 3125 651 3192 monitus,
675 3142 844 3201 quamquam
871 3122 946 3180 notis

59 3227 193 3291 itineribus
213 3232 419 3309 regrederetur,
435 3224 540 3289 Pontes
557 3228 659 3305 longos
679 3247 763 3305 quam
783 3228 946 3285 maturrime

62 3350 189 3410 superare.
231 3335 380 3410 Angustus
401 3335 425 3390 is
448 3342 553 3390 trames
564 3333 668 3390 'vastas
687 3333 762 3390 inter
781 3332 897 3410 paludes
917 3340 947 3388 et

61 3439 188 3513 quondam
201 3460 219 3498 a
232 3438 268 3497 L.
282 3438 409 3496 Domitio
423 3437 590 3515 adgemtus:
612 3445 704 3495 cetera
717 3437 824 3504 limosa,
838 3434 948 3493 tenacia

62 3544 130 3615 gravi
143 3564 228 3604 coeno
241 3554 290 3604 aut
303 3545 371 3601 rivis
385 3545 492 3601 incerta
504 3550 602 3609 erent;
622 3541 727 3598 circum
746 3540 832 3598 silvae
852 3540 948 3615 pa’ula-
